1816 2954
902 177 945 209 15

287 294 412 334 poena
439 280 722 334 deportationis
748 285 945 332 sequatur.
977 279 1054 319 Sed
1083 280 1169 319 falli
1199 278 1357 318 videtur
1385 278 1447 317 vir
1474 277 1561 317 doc-

288 360 472 401 tissimus.
490 360 681 412 Legimus
696 359 800 399 enim
815 358 970 411 Digest.
987 358 1075 399 Lib.
1092 357 1372 398 XXXXVIII
1382 357 1469 398 sub.
1481 355 1566 397 Tit.

288 438 348 478 X:
391 439 483 490 „qui
517 442 792 478 testamentum
829 437 1018 477 amoverit
1046 437 1252 483 celaverit,
1284 435 1474 487 eripuerit
1503 434 1567 474 (10-

286 517 447 566 leverit,
486 516 730 556 interleverit
766 516 995 564 subiecerit‚
1032 515 1313 566 resignaverit:
1343 514 1463 565 quive
1494 518 1567 553 tes-

287 598 503 634 tamentum
540 594 683 633 falsum
720 592 920 645 scripserit
952 593 1189 643 signaverit,
1221 591 1447 632 recitaverit
1476 591 1567 631 dolo

215 702 219 705 »
288 673 411 722 malo,
450 673 612 712 cuiusve
649 671 738 711 dolo
776 671 878 710 malo
915 671 955 710 id
989 672 1136 711 factum
1165 671 1259 710 erit:
1290 671 1391 721 legis
1421 669 1567 710 Corne-

287 750 365 790 liae
404 748 557 803 (nempe
593 748 641 789 de
678 747 804 801 falsis)
844 760 969 800 poena
1004 748 1250 788 damnatur.⁷'
1291 747 1403 797 Quae
1436 752 1566 787 autem

287 832 346 868 est
387 827 458 868 illa
499 826 651 880 poena?
692 825 845 866 Ibidem
886 827 1004 878 paulo
1044 832 1135 866 ante
1178 827 1345 876 legitur:
1409 825 1567 876 „Poena

288 905 378 945 falsi
406 905 470 945 vel
499 905 612 957 quasi
642 904 732 944 falsi
761 909 820 945 est
847 905 1074 957 deportatio.’⁷

809 1109 873 1141 VS.
899 1110 1038 1141 95—96.

772 1226 889 1265 Nunc
916 1227 1091 1277 sportula
1119 1227 1245 1277 primo

420 1304 555 1342 limine
583 1316 707 1354 parva
734 1302 860 1352 sedet,
891 1304 1029 1342 turbae
1057 1303 1245 1354 rapienda
1274 1308 1445 1354 togatae.

342 1459 516 1500 Verbum
544 1459 649 1511 quod
678 1464 736 1499 est
767 1459 923 1510 „sedet'⁷
953 1459 1004 1499 ab
1034 1459 1266 1499 Heinrichio
1290 1460 1393 1499 idem
1418 1460 1564 1501 dicitur

287 1550 371 1578 csse
406 1537 510 1588 quod
550 1538 702 1589 „posita
733 1536 828 1577 est.''
866 1536 997 1576 Huius
1026 1549 1118 1576 vero
1147 1537 1451 1588 significationis
1480 1538 1565 1577 nul-

286 1615 369 1655 lum
419 1614 620 1655 consimile
662 1614 883 1667 exemplum
924 1613 1063 1654 afferre
1104 1618 1244 1666 potest.
1303 1614 1407 1655 Nam
1450 1626 1566 1668 quem

285 1694 414 1733 locum
451 1705 500 1732 ex
529 1692 625 1732 Hor.
651 1691 732 1732 Sat.
763 1692 806 1731 Π
835 1694 871 1731 2.
904 1694 951 1731 73
981 1691 1077 1731 dicit
1104 1692 1295 1741 similem,
1338 1693 1373 1732 is
1401 1706 1444 1732 re
1472 1706 1567 1733 vera

285 1769 465 1811 diversus
502 1774 571 1811 est.
611 1768 676 1810 De
712 1782 790 1822 quo
829 1768 917 1809 vide
952 1767 1074 1809 Orell.
1091 1768 1135 1823 ¹).
1176 1768 1260 1809 Alii
1289 1769 1453 1811 laudant
1482 1769 1563 1812 Sat.

286 1848 329 1888 II
360 1850 456 1889 120:
489 1861 609 1899 „cena
633 1849 771 1900 ingens
798 1848 943 1897 sedet'⁷‚
974 1848 1042 1887 sed
1071 1861 1160 1888 cum
1184 1849 1241 1888 ibi
1265 1849 1452 1900 „ingens”
1470 1862 1566 1890 cena

284 1926 438 1968 dicatur
465 1940 542 1968 non
569 1940 665 1967 cena
690 1926 923 1980 „opulenta”
954 1927 1016 1966 vel
1046 1927 1126 1967 tale
1155 1927 1271 1979 quid,
1310 1928 1560 1980 cogitandum

285 2010 343 2045 est
398 2005 446 2045 (10
500 2005 754 2045 convivarum
810 2004 1028 2044 sedentium
1077 2006 1345 2045 multitudine.
1403 2006 1566 2046 Rectius

286 2083 426 2138 Mayor
439 2083 494 2138 2),
539 2097 757 2125 memorans
797 2097 846 2124 ex
890 2082 1006 2124 Ovid.
1047 2083 1170 2124 Trist.
1201 2084 1244 2124 II
1273 2086 1372 2125 481:
1419 2098 1565 2138 „parva

284 2160 392 2200 sedet
429 2161 551 2200 ternis
582 2161 775 2200 instructa
817 2161 964 2199 tabella
1005 2160 1196 2212 lapillis⁷’‚
1238 2162 1306 2200 sed
1343 2174 1431 2201 cum
1459 2175 1564 2214 spor-

284 2240 370 2279 tula
406 2239 671 2291 intellegenda
697 2239 749 2279 sit
777 2238 825 2278 de
853 2238 960 2278 certa
989 2239 1178 2290 pecuniae
1207 2252 1359 2279 summa
1390 2239 1454 2292 (cf.
1481 2239 1562 2280 Sat.

332 2418 359 2458 ¹)
384 2417 514 2449 Orell.
537 2417 622 2449 Hor.
644 2394 706 2448 voli
729 2416 766 2447 II
787 2425 861 2459 pag.
888 2417 960 2447 146.

331 2476 357 2519 2)
382 2476 546 2519 Mayor,
572 2476 729 2507 Thirteen
754 2476 876 2507 Satires
899 2476 936 2507 of
954 2475 1101 2507 Iuvenal.
1125 2475 1197 2508 Vol.
1219 2476 1253 2515 Ι,
1279 2486 1351 2518 pag.
1378 2476 1418 2508 73
1443 2487 1511 2518 sqq.
