1816 2954
864 200 904 235 73

296 309 500 351 Sententia
527 320 662 349 eorum
688 320 795 361 quae,
814 307 1054 360 praecedunt
1068 311 1147 348 est:
1173 307 1207 347 si
1222 320 1375 347 summa
1389 306 1520 358 aequi-

241 394 322 429 tate
359 392 398 428 et
434 387 643 427 sanctitate
678 387 901 439 provincias
937 386 1107 437 rexeris,
1149 399 1191 426 re
1228 399 1322 426 vera
1354 386 1432 426 eris
1458 385 1522 425 vir

241 467 422 520 princeps
459 469 499 505 et
535 464 700 505 nobilis:
733 477 859 517 genus
887 465 1008 506 ducas
1037 478 1107 518 per
1133 478 1194 505 me
1223 465 1358 506 licebit
1385 478 1410 505 a
1437 464 1520 505 filio

241 544 424 595 Saturni,
458 557 482 584 a
509 543 741 594 Titanibus,
767 543 818 584 ab
846 543 931 596 ipso
959 543 1203 584 Prometheo.
1234 543 1518 597 Interpolator,

240 636 330 664 cum
366 622 467 662 nihil
504 622 631 662 maius
668 622 811 661 addere
846 623 1038 674 potuerit,
1065 635 1142 662 non
1170 623 1374 662 irridicule
1400 627 1441 662 te
1469 622 1519 662 ad

239 702 363 743 libros
389 701 551 753 relegat.
581 699 845 742 Ribbeckium
864 699 893 755 1)
925 701 1039 742 video
1067 713 1224 742 versum
1251 701 1330 742 iam
1345 701 1515 742 eiecisse.

743 863 808 896 VS.
834 864 1016 896 192-201.

829 979 978 1030 Quanti
1005 992 1077 1021 sua
1104 980 1243 1021 funera
1271 979 1462 1032 vendant,

293 1060 389 1112 quid
418 1058 565 1100 refert?
593 1058 771 1099 vendunt
798 1059 909 1099 nullo
936 1063 1099 1111 cogente
1128 1059 1296 1099 Nerone.

292 1150 364 1178 nec
390 1137 573 1178 dubitant
602 1137 697 1177 celsi
724 1137 915 1190 praetoris
942 1137 1111 1177 vendere
1138 1137 1254 1178 ludis.

291 1216 398 1268 finge
431 1220 562 1256 tamen
590 1215 745 1267 gladios
772 1215 864 1256 inde
891 1220 1010 1268 atque
1038 1216 1131 1257 hinc
1158 1217 1313 1269 pulpita
1340 1217 1452 1269 poni:

292 1293 389 1346 quid
417 1293 572 1334 satius?
600 1297 763 1333 mortem
790 1294 848 1334 sic
874 1293 1083 1345 quisquam
1110 1294 1334 1344 exhorruit,
1365 1299 1410 1334 ut
1438 1294 1489 1334 sit

292 1371 508 1424 Zelotypus
536 1371 769 1424 Thymeles,
798 1371 947 1424 stupidi
975 1372 1128 1423 collega
1156 1370 1367 1412 Corinthi?

291 1461 354 1491 res
381 1449 489 1491 haud
516 1449 617 1491 mira
643 1454 774 1491 tamen
802 1449 1026 1491 citharoedo
1054 1450 1231 1503 principe
1259 1450 1400 1491 mimus

291 1529 447 1568 nobilis.
476 1529 574 1568 haec
600 1530 707 1568 ultra
734 1528 831 1580 quid
860 1529 935 1568 erit
961 1529 1039 1568 nisi
1066 1529 1212 1569 ludus?
1241 1534 1280 1568 et
1307 1530 1392 1569 illic

290 1606 459 1647 dedecus
486 1607 597 1648 urbis
623 1607 766 1658 habes,
795 1619 867 1648 nec
895 1607 1155 1660 myrmillonis
1182 1607 1225 1647 in
1252 1607 1391 1658 armis,

289 1697 362 1726 nec
389 1686 515 1739 clipeo
543 1685 769 1728 Gracchum
795 1690 1036 1739 pugnantem
1064 1690 1134 1727 aut
1161 1686 1262 1727 falce
1288 1686 1441 1739 supina.

290 1822 466 1875 Egregie
504 1823 553 1864 de
590 1823 653 1865 his
690 1823 869 1865 versibus
901 1823 1119 1876 disputavit
1148 1822 1376 1875 Madvigius
1393 1822 1423 1877 2)
1454 1823 1517 1864 vir

236 1901 285 1941 cl.
324 1905 461 1942 contra
498 1901 757 1954 interpretum
789 1902 1041 1954 antiquorum
1073 1905 1112 1941 et
1139 1901 1355 1941 recentium
1384 1902 1517 1942 confu-

235 1980 365 2021 siones
393 1981 619 2033 perhibens,
649 1986 740 2022 ante
767 1995 823 2022 vs.
858 1983 934 2022 199
963 1980 1012 2021 de
1039 1980 1146 2021 ludis
1159 1980 1349 2021 scaenicis
1363 1985 1517 2022 tantum

236 2070 321 2099 esse
357 2070 594 2110 sermonem,
633 2071 711 2100 non
749 2059 842 2099 item
879 2059 928 2099 de
964 2058 1201 2111 gladiatoria
1228 2070 1374 2110 pugna.
1418 2059 1517 2100 Viro

235 2137 501 2179 eruditissimo
533 2137 881 2191 obtemperandum
909 2150 993 2178 esse
1021 2137 1134 2178 docet
1162 2141 1269 2178 totus
1296 2142 1515 2179 contextus.

239 2215 402 2269 Ubique
435 2217 539 2257 enim
568 2217 617 2257 de
644 2229 786 2257 scaena
812 2228 938 2256 sermo
967 2220 1045 2267 cst,
1074 2220 1119 2255 ut
1147 2228 1204 2255 vs.
1236 2217 1310 2256 196
1339 2228 1412 2256 nec
1439 2230 1517 2257 non

235 2307 292 2335 vs.
324 2297 412 2336 198.
446 2295 582 2336 Verba
608 2308 710 2347 quae
737 2299 830 2335 sunt
859 2294 1022 2346 „quanti
1051 2306 1124 2334 sua
1150 2294 1290 2334 funera
1318 2294 1514 2335 vendant’'

281 2458 308 2499 ¹)
331 2458 351 2490 l.
378 2459 399 2490 1.
423 2469 497 2501 pag.
521 2460 594 2491 132.

281 2516 308 2560 ⁵¹)
331 2517 424 2551 Mad.
449 2517 552 2563 Opus.
577 2517 680 2552 Acad.
704 2518 742 2551 H
769 2528 842 2562 pag.
868 2518 929 2550 181
954 2528 1020 2561 sqq.

1378 2580 1409 2603 10
