1816 2954
874 237 916 268 78

252 339 466 392 respiciant
493 340 545 380 ad
561 340 787 392 „sufficiunt
805 340 927 380 haee''
945 352 1073 392 neque
1087 340 1225 380 divelli
1240 339 1332 379 inde
1346 338 1536 389 debeant,

249 417 352 458 nihil
390 423 539 459 restare
578 419 677 458 mihi
715 419 892 468 videtur,
932 419 1010 459 nisi
1056 424 1101 459 ut
1139 423 1379 468 statuamus,
1425 429 1539 457 voees

253 499 415 545 „votum
443 496 693 537 miserabile''
725 509 795 549 per
824 497 1080 549 parenthesin
1108 497 1235 537 dietas
1262 501 1301 536 et
1315 495 1539 536 referendas

249 585 335 614 esse
373 574 423 614 ad
461 575 681 614 sententiae
720 574 993 627 praecedentis
1029 574 1170 615 ultima
1207 575 1329 614 verba
1366 585 1539 626 „pauper

250 651 355 698 er0”,
387 657 432 692 ut
459 652 532 692 sit:
573 652 690 703 haee,
720 665 822 704 quae
850 657 963 704 opto,
988 653 1188 693 sufficiunt
1214 652 1265 692 ad
1293 664 1419 692 meam
1445 663 1539 703 pau·

249 734 442 781 pertatem
471 752 523 758 —
552 734 689 770 votum
719 730 956 770 miserabile.
991 729 1058 770 Sic
1084 730 1214 770 dicere
1242 734 1415 781 poterat,
1445 740 1538 779 quo-

250 807 356 847 niam
387 808 458 847 illa
488 808 620 848 omnia
643 808 806 860 cupiens
831 809 993 861 optabat
1008 813 1291 861 paupertatem.
1322 806 1539 860 Paupertas

249 869 376 937 igitur
409 886 451 925 in
491 887 595 926 votis
628 892 723 926 erat.
769 887 911 938 Itaque
938 887 1134 927 sententia
1161 891 1240 926 est:
1280 887 1377 926 haee
1414 898 1540 937 pauca

251 964 474 1013 sufficiunt,
514 964 834 1016 quandoquidem
863 977 937 1015 ego
967 977 1116 1017 pauper
1144 978 1211 1004 ero
1241 964 1305 1017 (=
1332 968 1538 1016 pauperta-

248 1046 327 1081 tem
351 1041 461 1094 opto)
485 1065 538 1071 —-
564 1047 700 1082 votum
725 1042 950 1082 miserabile
970 1067 1019 1070 —
1036 1055 1108 1082 nee
1122 1055 1211 1095 spes
1226 1042 1288 1082 his
1302 1042 1442 1082 saltem
1457 1053 1537 1092 eqs.

248 1120 352 1160 Vide
385 1132 504 1171 quam
543 1125 635 1172 apte
664 1121 762 1161 haee
789 1122 987 1160 sententia
1021 1121 1192 1161 causalis
1219 1133 1308 1161 eum
1338 1119 1540 1160 Naevolae

248 1197 443 1238 modestia
481 1198 665 1239 affectata
706 1198 927 1239 conveniat.
975 1198 1193 1250 „Quando”
1232 1211 1302 1251 pro
1343 1197 1539 1250 „quando-

247 1276 432 1327 quidem”
471 1276 551 1316 diei
589 1290 702 1328 posse
726 1277 883 1322 vixest
913 1278 1019 1328 quod
1048 1290 1236 1317 moneam.
1276 1275 1339 1317 Of.
1370 1276 1436 1315 ΠΙ
1465 1277 1536 1324 21,

249 1354 286 1394 V
316 1356 388 1404 93,
420 1354 486 1394 ΧΙ
518 1355 606 1395 182.
647 1353 764 1404 Quod
793 1354 970 1395 Kiaerus
998 1355 1095 1396 dicit
1126 1354 1323 1408 „pauper”
1353 1355 1395 1394 in
1424 1354 1538 1394 initio

248 1445 386 1472 versus
414 1433 508 1484 poni
536 1433 741 1482 debuisse,
781 1445 860 1473 non
887 1434 1024 1483 credo,
1055 1445 1183 1484 neque
1211 1434 1314 1472 enim
1343 1445 1433 1472 eum
1461 1432 1539 1471 sin—

247 1510 383 1562 gulari
411 1510 453 1550 vi
481 1510 721 1551 efferendum
749 1516 819 1551 est.

305 1587 494 1628 Ceterum
533 1588 611 1628 iam
649 1589 692 1628 in
720 1589 892 1629 editione
919 1589 1059 1629 harum
1093 1595 1318 1629 saturarum
1347 1588 1539 1629 Serevelii

250 1679 323 1706 nee
360 1678 438 1706 non
478 1665 657 1706 Crameri
694 1673 783 1718 post
821 1668 943 1707 verba
974 1680 1147 1720 „pauper
1175 1668 1266 1708 er0'’
1295 1668 1453 1719 signum
1481 1667 1538 1706 in-

247 1743 531 1795 terrogationis
561 1743 734 1796 positum
763 1756 848 1787 esse
876 1745 1027 1798 fugisse
1055 1745 1213 1787 videtur
1240 1744 1446 1786 Kiaerum.

684 2161 993 2201 SATURA
1059 2161 1103 2201 X.

778 2330 843 2363 VS.
868 2330 1010 2362 45—46.

893 2457 932 2497 N
934 2457 1043 2498 iveos
1070 2457 1120 2498 ad
1148 2458 1260 2498 frena
1289 2456 1481 2509 Quirites,

368 2535 525 2575 defossa
555 2536 595 2575 in
626 2536 768 2575 loculis
795 2548 895 2587 quos
922 2536 1101 2588 sportula
1128 2536 1221 2575 feeit
1248 2537 1405 2576 amieos
