1816 2954
731 426 798 458 VS.
823 424 1008 457 376—3‘78.

1055 537 1241 577 Dormiat
1270 538 1338 577 ille

278 629 367 656 cum
397 616 575 664 domina,
607 616 675 655 sed
704 621 748 656 tu
777 616 855 655 iam
883 616 1045 665 durum,
1078 615 1283 664 Postume,
1314 615 1470 666 iamque

279 694 520 734 tondendum
550 695 731 734 eunucho
760 695 963 734 Bromium
991 695 1234 734 committere
1263 694 1354 733 noli.

278 845 413 885 Verba
441 858 544 897 quae
573 851 665 885 sunt
688 846 893 896 „eunucho
913 846 1116 886 Bromium
1141 845 1382 885 committere
1406 844 1513 884 noli'’

222 925 492 964 dubitationes
527 929 697 964 movent.
738 925 798 965 Ut
826 924 1100 977 Heinrichii1)
1133 924 1407 976 interpretatio
1436 923 1514 963 Lu-

222 1004 360 1044 binum
375 1002 409 1057 2)
463 1004 666 1056 sequentis
718 1009 758 1044 et
804 1004 861 1044 sic
904 1004 1114 1044 vertentis:
1164 1003 1267 1054 „noli
1310 1003 1513 1043 Bromium

222 1081 381 1120 credere
410 1082 612 1128 eunucho,
643 1082 791 1133 quippe
819 1082 1008 1142 qui-eum
1037 1081 1237 1121 diffisurus
1264 1081 1316 1120 sit
1344 1085 1383 1120 et
1398 1081 1515 1133 plane

222 1159 475 1212 perditurus''
521 1161 584 1200 vel
626 1160 715 1200 ideo
756 1160 957 1213 displicet,
1002 1160 1108 1212 quod
1148 1160 1268 1200 verba
1292 1172 1394 1211 quae
1421 1165 1514 1200 sunt

225 1237 392 1288 „durum
422 1238 580 1290 iamque
608 1238 874 1278 tondendum'’
907 1238 1156 1278 vehementer
1179 1239 1215 1278 ei
1231 1239 1407 1287 obstant,
1425 1250 1514 1278 cum

223 1316 489 1367 „delicatum”
522 1317 653 1368 potius
682 1318 745 1356 vel
776 1318 855 1356 tale
884 1317 981 1368 quid
1009 1321 1232 1369 exspectes,
1263 1317 1322 1356 ita.
1345 1316 1514 1368 Ruperti

221 1396 440 1444 enarratio,
473 1409 593 1447 quam
622 1397 851 1447 ceteroquin
881 1396 997 1435 valde
1024 1397 1220 1447 approbo,
1252 1400 1291 1435 te
1319 1396 1446 1447 cogit,
1470 1400 1514 1435 ut

221 1473 360 1514 duram
390 1474 723 1516 constructionem
755 1473 960 1526 „eunucho
975 1473 1241 1515 committere”
1263 1487 1333 1527 pro
1348 1473 1514 1526 eoquod

221 1557 280 1590 est
325 1565 438 1601 „cum
482 1553 663 1592 eunucho
706 1552 973 1592 committere”
1018 1564 1258 1604 concoquas,
1302 1552 1408 1603 quod
1446 1552 1514 1590 vix

221 1630 367 1670 Latine
395 1631 475 1671 dici
505 1644 618 1683 posse
647 1636 754 1683 puto.
797 1631 907 1681 Quas
936 1632 986 1671 ob
1015 1644 1154 1671 causas
1183 1644 1252 1683 pro
1283 1631 1512 1682 „eunucho’⁷

221 1709 432 1759 legendum
462 1715 558 1761 puto
590 1722 702 1759 „cum
719 1709 813 1749 illo''
835 1710 1040 1749 literarum
1054 1709 1240 1749 ductibus
1254 1722 1332 1749 non
1346 1711 1514 1749 multum

220 1787 324 1827 inter
339 1800 381 1827 se
395 1787 654 1834 distantibus,
672 1788 729 1828 ita
744 1792 788 1828 ut
804 1787 939 1827 eadem
955 1788 1152 1827 sententia
1166 1787 1328 1828 oriatur.
1355 1787 1513 1827 Etenim

221 1878 359 1906 versus
388 1867 466 1906 375
499 1879 596 1917 „nec
623 1866 743 1906 dubie
772 1866 975 1906 custodem
1005 1866 1099 1906 vitis
1127 1870 1166 1906 et
1182 1866 1286 1906 horti
1301 1865 1512 1919 provocat''

220 1945 325 1984 viam
364 1945 507 2003 sternit
550 1937 600 1985 ad
643 1946 870 1997 sequentia:
916 1950 961 1985 tu
1003 1958 1099 1985 cave
1136 1958 1186 1985 ne
1223 1945 1292 1985 ille
1329 1950 1515 1997 provocet

221 2023 445 2070 Bromium,
485 2028 525 2062 et
564 2028 760 2063 certamen
799 2037 888 2064 cum
918 2036 964 2063 eo
992 2024 1099 2063 ineat
1122 2024 1250 2076 stupri
1278 2024 1394 2064 uxori
1425 2028 1514 2064 tuae

204 2088 435 2152 inferendi,
475 2114 579 2153 quae
614 2115 705 2142 mox
734 2115 783 2142 ex
813 2102 883 2142 illo
913 2102 1120 2154 concipiat.
1162 2102 1277 2151 Quod
1306 2103 1348 2142 in
1376 2102 1515 2154 primis

218 2180 268 2219 de
297 2180 479 2221 eunucho
508 2193 636 2221 sermo
665 2186 744 2230 est,
779 2193 828 2220 ex
858 2181 991 2221 verbis
1017 2193 1129 2231 „cum
1159 2180 1255 2220 illo''
1285 2184 1414 2220 ortum
1429 2193 1514 2221 esse

222 2258 455 2308 „eunucho”
485 2271 535 2298 ne
564 2258 732 2298 mireris.

267 2465 294 2505 ¹)
319 2466 339 2496 l.
367 2466 387 2496 1.
414 2476 479 2508 pag
516 2466 579 2496 235
605 2465 679 2497 Vol.
704 2466 750 2497 11.

264 2523 291 2567 ²)
317 2524 392 2555 Iuv.
417 2524 486 2557 Sat.
511 2524 592 2558 Rec.
617 2524 731 2556 Henn.
757 2534 830 2567 pag.
856 2525 930 2558 809.
