1816 2954
879 184 922 216 13

265 287 465 328 ablativus
503 287 559 328 ita
587 286 745 328 additus
771 286 1015 327 inveniretur
1041 286 1180 326 afferre
1209 298 1287 326 non
1315 285 1453 338 potuit.
1497 283 1540 325 Si

268 366 474 416 „attritus”
505 371 606 406 esset
630 366 921 406 substantivum
945 371 1060 417 poeta
1087 366 1309 417 scripsisset
1339 364 1537 415 „galeae”

318 443 367 484 In
405 456 500 485 voce
535 443 679 494 otiosa,
718 456 819 496 quae
856 448 914 484 est
953 442 1116 495 „sicut''‚
1150 442 1214 497 (cf.
1246 441 1333 482 XII
1360 443 1411 482 43
1440 441 1536 495 eqs.)

264 523 362 563 latet
399 523 689 563 substantivum
725 523 776 562 ad
812 523 916 574 quod
958 522 1185 562 referendus
1225 527 1284 562 est
1314 521 1537 572 „attritus’'‚

264 600 348 642 sive
386 605 444 641 est
484 600 679 651 „vultus''‚
718 600 822 652 quod
859 600 1024 641 coniecit
1062 599 1261 641 Scholtius
1313 600 1397 640 sive
1442 600 1539 651 „cir-

266 678 356 719 rus”
396 683 440 720 ut
479 680 564 719 vult
593 678 849 719 Ribbeckius.

788 869 853 902 VS.
877 869 1015 903 69—78.

345 1001 529 1042 Occurrit
566 1007 743 1042 matrona
780 1006 936 1054 potens,
974 1014 1076 1054 quae
1112 1002 1229 1042 molle
1257 1000 1450 1042 Calenum

344 1086 573 1133 porrectura
601 1081 686 1121 viro
714 1081 849 1121 miscet
875 1081 1032 1122 sitiente
1059 1082 1259 1131 rubetam,

344 1159 596 1211 instituitque
624 1158 741 1199 rudes
768 1159 905 1199 melior
942 1158 1115 1200 Locusta
1151 1159 1393 1212 propinguas

342 1250 412 1290 per
447 1238 592 1277 famam
619 1241 658 1277 et
686 1237 873 1290 populum
900 1237 1035 1289 nigros
1072 1237 1209 1277 efferre
1244 1237 1417 1277 maritos.

344 1315 461 1356 Ande
485 1315 638 1367 aliquid
665 1315 851 1355 brevibus
879 1314 1028 1369 Gyaris
1054 1320 1093 1354 et
1121 1327 1277 1355 carcere
1299 1315 1484 1366 dignum,

343 1395 376 1434 si
417 1394 478 1434 vis
507 1406 591 1434 esse
615 1394 785 1446 aliquid3
816 1394 990 1446 probitas
1017 1394 1203 1448 laudatur
1230 1398 1270 1433 et
1297 1394 1426 1446 alget,

344 1471 575 1514 criminibus
615 1471 759 1512 debent
798 1471 931 1512 hortos
972 1472 1168 1524 praetoria
1208 1484 1362 1512 mensas

345 1556 551 1603 argentum
580 1555 693 1590 vetus
722 1555 760 1590 et
788 1554 953 1590 stantem
977 1555 1090 1590 extra
1117 1551 1258 1602 pocula
1285 1564 1458 1603 caprum.

345 1641 461 1681 quem
489 1628 640 1681 patitur
676 1628 844 1668 dormire
881 1640 1004 1669 nurus
1040 1633 1245 1681 corruptor
1281 1642 1444 1678 avarae,

345 1719 461 1759 quem
489 1719 653 1759 sponsae
680 1712 814 1759 turpes
841 1711 881 1746 et
909 1710 1178 1758 praetextatus
1205 1707 1389 1747 adulter?

318 1854 457 1894 Laudo
497 1853 762 1893 Ribbeckium
776 1853 804 1906 ¹)
857 1867 913 1893 vs.
953 1856 1108 1893 73—76
1145 1859 1462 1905 transponentem
1501 1860 1540 1894 et

265 1933 519 1973 collocantem
548 1936 635 1985 post
663 1945 719 1972 vs.
752 1933 812 1972 78.

317 2010 481 2050 Praeter
518 2022 676 2059 causas,
720 2022 818 2061 quas
859 2011 921 2049 vir
952 2011 1231 2062 sagacissimus
1267 2012 1352 2063 ipse
1388 2012 1438 2051 ad
1467 2012 1540 2052 hoc

262 2088 509 2141 probandum
547 2088 702 2138 attulit,
742 2087 867 2128 habeo
903 2100 1005 2140 quae
1041 2101 1103 2129 me
1129 2089 1335 2142 impellant
1364 2094 1408 2130 ut
1435 2089 1539 2142 pedi-

262 2167 337 2206 bus
365 2178 452 2205 eam
479 2166 521 2205 in
549 2166 635 2205 eius
661 2166 905 2205 sententiam.
979 2174 982 2177 '

318 2243 426 2285 Dum
478 2247 592 2296 poeta
633 2256 690 2284 vs.
734 2244 892 2284 22—80
933 2244 1113 2297 exponit,
1165 2245 1311 2297 quibus
1347 2245 1540 2286 adductus

264 2322 395 2362 causis
421 2321 472 2361 ad
500 2325 674 2361 saturam
702 2320 946 2361 scribendam
974 2321 1237 2372 descenderit,
1269 2336 1440 2378 semper,
1470 2324 1540 2366 ubi

309 2483 334 2524 ¹)
358 2482 430 2514 Der
452 2482 559 2514 Eehte
583 2482 651 2514 und
674 2482 732 2514 der
755 2483 909 2515 Unechte
932 2484 1080 2516 Iuvenal.
1105 2495 1179 2528 pag.
1204 2485 1277 2520 137.
