1816 2954
833 242 878 273 34

639 496 661 535 S
689 496 719 535 A
748 497 774 535 T
802 496 833 536 U
861 497 891 536 R
920 496 947 536 A
1000 497 1069 537 VI.

737 659 802 692 Vs.
829 661 968 692 11—13.

299 811 457 863 Quippe
494 811 610 850 aliter
647 816 742 851 tunc
778 812 872 851 orbe
905 824 1006 851 novo
1035 813 1222 864 coeloque
1250 814 1399 853 recenti

298 890 487 930 vivebant
515 890 711 938 homines,
743 890 813 941 qui
841 894 958 942 rupto
986 891 1126 931 robore
1154 892 1239 931 nati

296 968 582 1020 compositique
609 968 694 1008 luto
723 968 853 1008 nullos
881 967 1055 1008 habuere
1083 973 1277 1021 parentes.

256 1100 458 1142 Scholtius
472 1101 500 1154 l)
533 1102 630 1142 haec
660 1101 884 1142 adnotavit:
926 1102 992 1152 „in
1020 1101 1083 1142 his
1109 1102 1241 1142 verbis
1272 1101 1404 1155 (rupto
1436 1115 1493 1142 ro-

200 1181 296 1221 bore
333 1180 433 1232 nati)
475 1180 637 1231 aliquod
674 1180 817 1220 vitium
853 1181 977 1220 latere
1014 1184 1130 1232 puto3
1172 1193 1249 1220 non
1278 1181 1384 1232 quod
1414 1194 1491 1221 non

200 1259 352 1312 possint
380 1259 634 1311 aliquatenus
661 1258 873 1311 explicari,
913 1258 982 1298 sed
1009 1258 1106 1310 quia.
1133 1258 1253 1299 miror
1281 1259 1387 1310 quod
1418 1260 1492 1300 hoc

199 1339 286 1379 loco
323 1338 437 1378 nulla
473 1338 620 1378 mentio
657 1338 703 1377 fit
739 1338 850 1378 illius
887 1338 1061 1378 omnium
1098 1338 1335 1378 nobilissimi
1366 1338 1492 1392 mythi

200 1430 250 1457 ex
278 1429 356 1469 quo
385 1416 563 1457 homines
592 1428 641 1456 ex
670 1429 767 1456 saxo
793 1416 877 1456 nati
900 1416 991 1456 sint.
1024 1416 1179 1456 Dubito
1203 1416 1330 1468 igitur
1358 1421 1491 1457 utrum

199 1496 452 1537 scribendum
481 1496 552 1536 sit:
591 1510 678 1549 rupe
705 1503 737 1536 et
765 1496 887 1535 robore
915 1509 967 1536 an
995 1510 1082 1548 rupe
1108 1502 1169 1535 aut
1199 1496 1357 1536 robore.''

252 1574 355 1614 Tres
401 1574 539 1614 laudat
585 1575 712 1624 locos,
762 1574 832 1614 ubi
870 1579 909 1613 et
951 1574 999 1614 de
1041 1587 1138 1614 saxo
1180 1579 1219 1614 et
1261 1574 1310 1614 de
1351 1576 1492 1614 robore

197 1655 375 1695 homines
416 1654 502 1693 nati
538 1666 624 1694 esse
657 1653 855 1694 dicuntur.
897 1652 1083 1705 Denique
1111 1653 1307 1694 auxilium
1337 1654 1436 1706 petit
1468 1668 1492 1694 a

200 1732 363 1772 vocibus
390 1743 492 1783 quae
520 1735 613 1771 sunt
645 1731 849 1783 „rupices”
879 1735 919 1770 et
950 1730 1194 1784 „petrones”

252 1810 491 1862 Quanquam
533 1815 592 1850 est
633 1811 881 1850 notissimum
923 1810 1100 1851 homines
1142 1824 1167 1850 a
1204 1811 1331 1863 poetis
1377 1816 1491 1851 natos

196 1901 281 1928 esse
309 1888 388 1928 dici
417 1901 439 1927 e
465 1900 563 1928 saxo
591 1892 630 1927 et
659 1900 681 1927 e
709 1889 869 1937 robore,
905 1893 1036 1927 tamen
1066 1887 1234 1928 Scholtii
1263 1888 1490 1928 coniectura

196 1980 275 2008 non
303 1967 522 2019 probabilis
549 1966 647 2006 mihi
677 1979 762 2007 esse
791 1966 962 2007 videtur.
1160 1947 1163 1950 Δ

249 2046 346 2087 Alia
382 2058 445 2086 res
481 2051 583 2086 esset
611 2046 646 2085 si
675 2046 879 2098 probasset
907 2046 980 2086 has
1008 2046 1188 2087 notiones
1217 2058 1370 2098 semper
1398 2058 1486 2087 con-

194 2127 350 2167 iunctas
394 2126 569 2178 reperiri.
624 2124 711 2166 Hoc
752 2129 885 2166 autem
928 2138 1007 2166 non
1048 2126 1143 2166 fecit
1186 2138 1314 2178 neque
1358 2126 1486 2166 facere

194 2205 335 2257 potuit.
380 2203 484 2244 Nam
528 2209 567 2243 et
611 2203 820 2255 Vergilius
862 2204 911 2244 de
953 2204 1093 2244 robore
1126 2209 1281 2244 tantum
1308 2205 1487 2256 loquitur

194 2284 294 2323 Aen.
339 2282 444 2322 VIII
486 2296 541 2322 vs.
587 2284 685 2322 315:
733 2295 934 2335 „gensque
977 2284 1107 2324 virum
1135 2284 1287 2324 truncis
1316 2289 1356 2324 et
1384 2285 1484 2326 duro

194 2362 334 2402 robore
362 2361 494 2411 nata'⁷,
525 2361 594 2401 ubi
623 2361 671 2401 de
700 2361 836 2401 eadem
864 2367 982 2413 gente
1012 2362 1187 2402 virorum
1204 2360 1377 2403 Saturno
1392 2375 1486 2415 rege

242 2560 271 2600 1)
293 2559 313 2591 1.
338 2559 359 2590 1.
386 2569 458 2602 pag.
485 2561 537 2591 46.
