1816 2954
866 179 906 212 91

753 351 819 384 VS.
845 350 1027 384 178—180.

967 468 1044 510 Sed
1073 482 1235 523 corpore
1263 474 1402 510 trunco

421 547 619 587 invidiosa
646 547 758 587 dabit
786 548 972 588 minimus
1001 549 1143 588 solatia
1170 549 1347 599 sanguis.

419 631 460 665 at
489 624 668 666 vindicta
696 626 840 666 bonum
868 626 953 666 vita
982 626 1195 667 iucundius
1224 626 1321 679 ipsa.

298 756 433 798 Verba
473 756 565 809 „sed
603 781 653 787 —
691 756 879 810 sanguis'⁷
912 761 1051 811 poetae
1079 757 1293 799 tribuenda
1320 770 1425 808 esse,
1456 769 1535 798 non

245 835 434 895 Calvino,
466 837 563 875 satis
591 841 740 876 eertum
770 841 840 876 est.
873 837 976 877 Nam
1007 850 1121 877 voees
1152 851 1338 890 „corpore
1368 838 1533 878 truneo”

245 914 425 955 consulto
467 914 509 954 in
551 914 664 955 initio
706 915 923 956 sententiae
965 916 1094 968 posita
1135 921 1248 967 sunt,
1286 920 1331 956 ut
1359 916 1534 957 animum

246 992 403 1032 lectoris
440 992 627 1032 foeditate
664 993 873 1045 adspectus
907 994 1149 1045 indignoque
1180 995 1406 1046 spectaculo
1433 1008 1534 1035 eom-

246 1076 447 1120 moveant‚
488 1071 655 1123 ideoque
693 1077 918 1124 comparata
956 1077 1049 1112 sunt
1082 1072 1132 1112 ad
1162 1072 1353 1112 invidiam
1382 1072 1535 1113 auctori

247 1148 379 1188 caedis
416 1148 673 1190 conflandam.
717 1148 882 1190 Accedit
920 1150 1026 1201 quod
1063 1150 1262 1202 particula
1293 1149 1383 1200 „at”
1413 1150 1533 1189 usita-

246 1227 398 1268 tissima
427 1233 486 1268 est
514 1229 555 1268 in
584 1229 634 1269 iis
661 1229 887 1279 sententiis,
919 1241 1021 1280 quae
1049 1228 1277 1269 adversario
1292 1228 1532 1268 tribuantur.

245 1305 306 1346 Ut
334 1319 383 1346 ex
413 1306 549 1347 multis
577 1307 766 1359 exemplis
795 1319 923 1359 pauca
951 1307 1131 1347 afferam:
1170 1307 1304 1346 confer
1332 1305 1417 1346 Cio.
1446 1305 1532 1345 Mil.

247 1388 291 1431 6,
326 1386 395 1432 15,
429 1387 500 1434 13,
534 1387 605 1435 35;
638 1386 735 1425 Hor.
754 1386 874 1425 Sat]
899 1387 1123 1435 1‚51‚80;
1155 1385 1532 1434 Liv.V11114‚14.

247 1462 433 1515 Denique
469 1464 504 1504 si
541 1468 580 1504 et
617 1464 724 1517 prior
762 1463 957 1504 sententia
988 1463 1080 1514 „sed
1110 1487 1157 1491 —
1190 1463 1378 1515 sanguis''
1409 1475 1535 1513 aeque

246 1554 292 1580 ae
320 1543 447 1581 altera
472 1547 538 1592 „at
567 1566 618 1571 —
646 1543 756 1594 ipsa''
787 1542 1012 1582 adversario
1043 1555 1114 1582 suo
1130 1543 1305 1582 tribuere
1321 1542 1531 1588 voluisset,

246 1624 361 1672 poeta
389 1620 508 1661 etiam
536 1621 576 1661 in
607 1621 681 1662 hae
710 1620 901 1673 posuisset
932 1619 1061 1671 ‚,sed''‚
1094 1620 1279 1672 quoniam
1310 1619 1535 1671 anaphorae

246 1697 456 1737 admodum
498 1699 626 1747 favet,
670 1699 900 1750 praesertim
943 1710 1031 1738 eum
1069 1699 1215 1746 oratio,
1260 1704 1305 1737 ut
1346 1698 1430 1746 hie,
1475 1703 1534 1736 est

246 1776 489 1817 concitatior.
524 1775 622 1830 (Sat.
652 1775 734 1816 XV
764 1774 845 1829 94).

301 1853 402 1894 Cum
430 1860 562 1895 autem
591 1855 712 1894 verba
737 1854 829 1905 „sed
853 1878 905 1883 —-
932 1853 1119 1904 sanguis''
1138 1858 1276 1905 poetae
1290 1854 1532 1903 tribuamus,

246 1933 486 1973 adieetivum
524 1933 629 1984 quod
667 1937 725 1972 est
766 1931 998 1984 „minimus”
1037 1943 1181 1984 graves
1218 1937 1348 1972 movet
1380 1930 1535 1972 dubita-

248 2012 385 2052 tiones.
444 2011 736 2052 Herwerdenus
755 2009 782 2064 ¹)
837 2010 1003 2062 ambigit
1056 2014 1188 2050 utrum
1231 2009 1441 2061 legendum
1483 2010 1535 2049 sit

250 2091 391 2140 „vilis”
432 2103 483 2130 an
523 2088 717 2140 „minius”
756 2088 796 2128 id
834 2093 893 2128 est
933 2088 1114 2139 „ruben”
1174 2087 1292 2128 Prius
1320 2100 1366 2128 eo
1395 2100 1535 2140 pamm

249 2172 308 2208 est
337 2167 562 2220 probabile,
593 2166 698 2218 quod
729 2164 940 2216 „sanguis”
957 2164 1266 2204 misericordiam
1290 2169 1329 2204 et
1343 2164 1535 2205 invidiam

248 2245 364 2286 debet
393 2258 569 2296 movere3
601 2245 769 2285 alterum
793 2243 891 2283 mihi
905 2242 1064 2294 quidem
1080 2243 1238 2283 videtur
1252 2243 1353 2282 nihil
1368 2243 1534 2294 habere,

248 2336 327 2377 quo
356 2337 398 2365 se
427 2322 690 2374 commendet,
715 2321 793 2362 nisi
815 2321 1039 2362 litterarum
1062 2320 1374 2362 similitudinem.
1405 2321 1537 2374 Magis

297 2479 323 2522 ¹)
349 2479 581 2523 Mnemosyne.
605 2478 703 2511 Nova
726 2478 827 2510 series
850 2479 880 2511 1.
905 2488 980 2521 pag.
1002 2479 1067 2509 408
1091 2488 1159 2521 sqq.
