1816 2954
877 244 921 277 80

251 349 468 400 attingere,
512 353 558 388 ut
594 348 720 388 dicat:
756 352 801 388 ut
830 349 935 389 mala
963 350 1149 402 cupiunt,
1179 350 1237 390 ita
1267 350 1448 390 nesciunt
1477 350 1540 390 vel

251 432 513 479 aspernantur
549 440 652 479 quae
690 428 794 468 bona
831 432 935 468 sunt.
980 427 1082 468 Cum
1120 441 1176 468 vs.
1217 429 1269 468 55
1298 441 1341 468 re
1369 441 1463 469 vera
1491 428 1540 468 de

250 506 364 544 bonis
391 510 506 556 agat,
537 517 695 551 versus,
726 506 885 557 opinor,
902 506 1051 545 excidit
1065 506 1185 546 huius
1198 506 1282 545 fere
1296 507 1536 545 sententiae:

252 583 460 635 „nesciunt
487 588 619 624 autem
649 584 713 624 vel
741 584 839 624 adeo
868 584 1153 637 deprecantur”
1184 597 1265 637 eqs.

304 661 408 701 Puto
447 661 519 701 hos
557 673 696 701 versus
734 662 798 701 vel
826 662 933 702 lectu
962 662 1203 703 difficiliores
1230 663 1353 703 fuisse
1381 663 1445 703 vel
1474 675 1537 702 ne—

248 741 448 794 gligenter
484 741 702 794 descriptos
739 754 843 791 esse,
884 755 1008 794 eaque
1046 756 1089 783 re
1117 743 1286 793 factum,
1326 747 1370 783 ut
1401 756 1456 783 vs.
1486 744 1539 782 54

247 832 406 872 quoque
442 820 495 860 sit
523 820 784 872 depravatus,
826 821 896 871 qui
925 820 1198 861 Doederleinii
1225 820 1382 861 demum
1410 832 1536 860 emen-

247 899 407 940 datione
435 899 645 940 restitutus
673 904 744 939 est.

775 1030 841 1064 VS.
867 1032 1008 1064 90—92.

422 1148 547 1189 Visne
574 1148 741 1189 salutari
770 1148 874 1188 sicut
903 1147 1099 1188 Seianus?
1129 1147 1275 1188 habere

421 1227 653 1268 tantundem
680 1231 802 1279 atque
830 1227 892 1267 illi
920 1240 1091 1267 summas
1119 1227 1267 1267 donare
1295 1228 1472 1277 curules,

421 1307 536 1347 illum
564 1306 807 1347 exercitibus
835 1306 1104 1359 praeponere?

298 1434 539 1476 Weidnerus
557 1433 586 1488 ¹)
641 1433 826 1474 adnotat:
881 1433 1018 1485 „visne
1061 1433 1293 1474 tantundem
1335 1433 1535 1486 potentiae

243 1515 414 1554 habere.
437 1545 445 1553 .
464 1545 472 1553 .
490 1545 499 1553 .
529 1517 648 1565 atquc
676 1517 911 1565 potestatem
933 1513 995 1552 illi
1014 1517 1075 1565 (τῷ
1099 1517 1172 1564 μὲν)
1196 1524 1368 1552 summas
1387 1512 1534 1552 donare

244 1593 402 1632 curules
429 1592 544 1631 illum
576 1596 644 1642 (τὸν
670 1593 722 1642 δὲ)
748 1590 855 1642 eqs.”

298 1670 398 1710 Rem
434 1670 653 1722 simplicem
691 1670 790 1709 mire
827 1669 974 1710 turbat.
1006 1668 1152 1709 Omnia
1179 1668 1284 1708 enim
1311 1668 1483 1721 pendent
1509 1681 1533 1708 a

244 1749 420 1802 „visne'':
464 1749 578 1790 visne
619 1749 767 1790 habere
809 1747 1061 1800 tantundem,
1106 1748 1218 1789 visne
1259 1748 1320 1789 illi
1360 1761 1532 1789 summas

242 1829 389 1870 donare
416 1829 576 1870 curules
603 1834 676 1869 etc.

751 1961 817 1993 VS.
844 1962 1026 1992 142-146.

829 2084 1005 2124 Patriam
1033 2088 1162 2123 tamen
1190 2083 1323 2123 obruit
1354 2083 1450 2123 olim

356 2162 486 2214 gloria
514 2174 731 2215 paucorum
759 2166 799 2202 et
826 2161 959 2203 laudis
987 2161 1177 2214 titulique
1204 2160 1349 2214 cupido

356 2241 516 2282 haesuri
543 2241 651 2281 saxis
680 2241 857 2281 cinerum
885 2241 1138 2291 custodibus,
1168 2241 1219 2281 ad
1249 2253 1352 2292 quac

355 2319 604 2360 discutienda
631 2320 767 2360 valent
795 2320 944 2360 sterilis
972 2320 1077 2359 mala
1105 2320 1247 2359 robora
1274 2319 1360 2369 fici,

354 2398 674 2450 quandoquidem
698 2397 792 2438 data
820 2402 913 2438 sunt
942 2398 1039 2450 ipsis
1053 2410 1212 2450 quoque
1226 2398 1310 2438 fata
1324 2397 1526 2450 sepulcris.

283 2560 310 2604 ¹)
332 2561 352 2592 l.
378 2560 399 2592 l.
423 2570 497 2602 pag.
525 2560 598 2591 226.
