1816 2954
869 252 912 284 48

238 356 368 398 oleum
406 362 444 397 et
482 370 640 409 operam
680 357 861 409 perdere,
903 369 1030 408 neque
1072 361 1117 396 ut
1162 356 1324 397 vocibus
1352 357 1537 399 dulcibus

240 436 368 475 virum
407 434 456 474 ad
495 435 641 474 coitum
671 434 849 486 impellat
877 434 914 473 ei
944 434 1185 485 contingere.
1218 434 1294 475 His
1324 435 1534 477 difficulta-

238 514 347 554 tibus
376 515 487 554 loeus
516 514 683 553 laborat.

293 591 470 632 Kiaerus
483 591 535 644 ¹),
590 591 704 631 modo
752 603 872 631 unam
914 590 1188 631 difficultatem
1231 592 1369 642 tollas,
1423 597 1536 645 putat

238 670 370 709 omnia
397 675 502 709 recte
530 682 571 708 se
603 670 766 717 habere3
812 674 967 709 tantum
995 682 1089 709 vero
1118 670 1229 709 abest
1259 676 1303 710 ut
1332 671 1423 710 illas
1453 684 1535 711 sus-

238 748 394 796 tulerit,
426 753 470 787 ut
500 760 624 787 novas
652 747 850 786 addiderit
880 760 1042 798 remque
1071 748 1200 798 magis
1229 749 1464 788 turbaverit.
1496 749 1538 788 Is

237 826 358 876 enim,
399 830 608 878 postquam
644 824 775 864 Iahnii
807 837 992 865 versuum
1021 824 1317 865 distinctionem
1348 838 1429 866 rem
1458 839 1535 867 non

223 905 426 956 expedire
469 905 629 953 statuit,
663 903 978 954 Heinrichioque
1006 905 1200 943 concessit
1231 917 1346 944 voces
1386 906 1536 956 „uteris

238 982 413 1024 relictis''
452 994 542 1023 cum
576 981 741 1022 vocibus
772 981 921 1032 „uteris
950 980 991 1020 in
1020 980 1163 1021 turba”
1195 994 1273 1021 non
1302 983 1534 1033 convenire,

237 1063 295 1102 sic
346 1062 497 1114 pergit:
553 1074 659 1111 „una
701 1065 855 1100 tantum
898 1061 976 1100 loci
1021 1060 1234 1101 enarrandi
1277 1062 1343 1101 via
1386 1067 1536 1102 restare

238 1141 418 1187 videtur,
449 1152 590 1191 quam,
616 1139 713 1191 quia
736 1139 983 1189 argumentis
998 1139 1096 1178 satis
1110 1139 1263 1179 idoneis
1277 1152 1364 1180 eam
1378 1139 1536 1180 firmare

238 1231 411 1270 nequeo,
438 1218 607 1257 aliorum
636 1217 784 1257 iudicio
812 1217 1005 1257 subiciam
1031 1218 1163 1269 potius
1177 1230 1296 1269 quam
1311 1218 1532 1259 defendam.

239 1295 368 1336 Voces
417 1295 484 1346 „in
536 1294 680 1335 turba”
724 1307 827 1346 quae
868 1295 1104 1334 sententiam
1147 1296 1401 1348 perturbant,
1446 1309 1536 1336 cum

236 1374 573 1425 subsequentibus
623 1386 701 1412 non
752 1386 842 1413 cum
894 1374 1165 1425 superioribus
1207 1374 1409 1425 iungenda
1451 1388 1536 1414 esse

235 1452 353 1492 credo
381 1457 421 1491 et
449 1451 725 1492 scribendum:

645 1562 811 1613 Quoties
844 1563 1035 1604 lascivum
1066 1564 1283 1605 intervenit
1316 1564 1417 1605 illud

343 1650 409 1687 ζωὴ
435 1653 489 1681 καὶ
515 1647 626 1693 ψυχή,
655 1642 769 1682 modo
798 1643 873 1681 sub
902 1642 1031 1682 lodice
1060 1643 1216 1683 relictis

344 1721 479 1761 uteris.
510 1720 559 1760 In
587 1721 706 1760 turba
733 1720 840 1772 quod
870 1720 975 1760 enim
1005 1733 1082 1760 non
1110 1721 1257 1761 excitet
1281 1721 1431 1773 inguen
1460 1725 1534 1762 etc.

289 1833 567 1885 Participium,
598 1832 704 1884 quod
733 1837 793 1872 est
826 1832 1035 1883 „relictis'’,
1068 1832 1218 1873 nudum
1248 1833 1420 1885 positum
1450 1845 1535 1873 esse

236 1912 395 1963 nequit,
425 1917 465 1951 et
494 1925 583 1951 cum
614 1911 941 1963 praecedentibus
955 1912 1121 1951 vocibus
1150 1911 1250 1962 „sub
1264 1911 1415 1951 lodice'’
1441 1925 1531 1952 cum

234 1990 285 2030 ob
337 1990 548 2030 verborum
596 1989 767 2042 positum
811 1995 894 2029 tum
938 1989 989 2029 ob
1032 1989 1147 2029 metri
1191 1989 1383 2029 rationem
1425 1994 1534 2030 arcte

233 2070 438 2119 cohaeret,
468 2081 588 2120 quam
618 2069 669 2108 ob
699 2082 781 2108 rem
811 2081 888 2108 non
920 2070 1020 2120 „sub
1049 2069 1176 2109 lodice
1208 2070 1333 2109 uteris
1357 2069 1531 2109 relictis''

233 2147 499 2188 enarrandum
527 2146 623 2186 est.’'
656 2146 800 2187 Paullo
828 2151 916 2198 post
945 2148 1235 2187 enarrationem
1260 2148 1318 2188 sic
1337 2148 1530 2188 absolvit:

236 2226 466 2277 „Iuvenalis
503 2225 773 2265 locutionibus
808 2237 857 2264 ex
897 2225 1130 2276 quotidiano
1158 2238 1337 2266 sermone
1363 2226 1532 2278 sumptis

233 2304 393 2356 saepius
420 2304 568 2352 utitur,
599 2308 637 2343 et
667 2304 742 2343 hoc
774 2304 859 2344 loco
883 2316 973 2344 eum
998 2305 1118 2344 talem
1142 2305 1401 2354 locutionem,
1431 2317 1534 2356 quae

233 2384 282 2424 de
310 2383 539 2424 hominibus
569 2382 715 2422 infimis
739 2383 909 2423 ferretur
936 2381 1027 2436 (sub
1042 2382 1170 2423 lodice
1184 2384 1368 2424 relictum
1383 2395 1470 2424 esse
1485 2396 1535 2418 =

284 2557 309 2597 ¹)
331 2557 349 2588 l.
376 2557 396 2588 l.
423 2567 496 2599 pag.
525 2557 588 2588 103
614 2567 682 2598 sqq.
