1816 2954
868 190 913 222 95

299 292 375 333 Vel
418 304 540 332 unum
584 292 818 332 vocabulum
863 292 1045 343 „tardas”
1085 291 1307 332 Scholtium
1350 303 1534 330 revocare

243 372 381 412 debuit
409 372 460 411 ab
488 371 563 411 hac
589 371 790 411 levissima
818 372 1063 421 coniectura,
1095 384 1185 411 nam
1201 372 1318 423 plane
1332 383 1382 410 ex
1402 371 1534 410 animo

243 450 318 490 filii
344 449 495 489 dictum
522 453 581 488 est
609 449 860 501 impatienter
890 451 1170 502 exspectantis.

665 821 972 862 SATURA
1032 823 1116 862 XV.

773 989 839 1021 Vs.
863 989 971 1022 65—'7
974 991 1004 1021 2.

455 1102 540 1143 Nec
567 1103 672 1143 hunc
700 1102 892 1155 lapidem,
921 1103 1052 1155 qualis
1081 1108 1120 1143 et
1149 1103 1318 1143 Turnus
1341 1108 1381 1143 et
1404 1102 1532 1151 Aiax,

351 1181 415 1221 vel
442 1194 520 1233 quo
548 1181 726 1235 Tydides
755 1182 948 1234 percussit
976 1182 1147 1234 pondere
1176 1195 1314 1222 coxam

349 1258 528 1309 Aeneae,
560 1259 629 1299 sed
657 1272 774 1311 quem
804 1260 962 1299 valeant
990 1260 1167 1299 emittere
1198 1260 1363 1299 dextrae

350 1338 432 1377 illis
459 1337 674 1378 dissimiles
703 1343 742 1378 et
770 1343 902 1378 nostro
931 1344 1103 1390 tempore
1131 1343 1259 1378 natae.

350 1427 441 1455 nam
468 1427 595 1467 genus
626 1415 700 1456 hoc
730 1416 821 1456 vivo
849 1415 929 1456 iam
957 1415 1207 1456 decrescebat
1236 1415 1431 1466 Homero3

350 1498 456 1534 terra
483 1495 607 1534 malos
637 1495 813 1535 homines
841 1508 947 1535 nunc
976 1495 1117 1535 educat
1148 1500 1266 1545 atque
1289 1496 1467 1546 pusillos.

350 1584 444 1624 ergo
471 1571 571 1613 deus
599 1572 824 1625 quicunque
853 1571 1034 1625 adspexit
1062 1571 1164 1612 ridet
1193 1577 1232 1612 et
1260 1572 1355 1612 odit.

350 1664 374 1690 a
401 1651 645 1692 deverticulo
675 1656 876 1704 repetatur
903 1652 1051 1691 fabula.
1080 1656 1288 1703 postquam
1316 1656 1389 1691 etc.

296 1783 427 1823 Multa
462 1784 505 1823 in
542 1784 616 1824 hac
644 1788 779 1824 satura
807 1784 957 1824 insulsa
984 1784 1062 1824 sint
1091 1784 1202 1833 licet,
1233 1796 1300 1834 ea,
1329 1796 1432 1835 quae
1461 1784 1527 1824 hic

241 1861 431 1913 leguntur
463 1861 673 1915 (imprimis
691 1860 866 1915 69—72)
884 1861 1029 1914 ineptis
1043 1866 1135 1901 sunt
1151 1861 1356 1914 ineptiora.
1387 1861 1530 1910 Poeta,

242 1944 450 1990 postquam
489 1940 641 1979 monuit
680 1939 902 1992 Aegyptios
942 1940 1118 1978 rixantes
1156 1952 1247 1978 mox
1276 1940 1450 1991 incipere
1479 1942 1534 1979 la-

241 2016 354 2069 pides
383 2021 589 2070 torquere,
620 2017 678 2057 sic
706 2017 856 2070 pergit:
889 2029 986 2070 „nec
1010 2016 1201 2057 eiusmodi
1229 2017 1382 2070 lapides
1396 2019 1534 2070 quales

242 2095 397 2135 Aeneas
439 2102 478 2136 et
515 2096 699 2146 Turnus,
739 2097 802 2136 vel
827 2097 938 2147 quali
966 2096 1143 2149 Tydides
1172 2098 1365 2148 percussit
1394 2110 1533 2136 coxam

242 2173 440 2230 Aeneae.''
471 2173 516 2215 Si
531 2174 703 2215 uoniam
725 2169 870 2215 novisti
884 2174 1021 2226 quales
1037 2174 1205 2224 fuerint,
1222 2174 1317 2215 audi
1332 2181 1531 2225 nostrum:

247 2252 340 2303 „sed
363 2265 481 2304 quem
504 2253 664 2292 valeant
693 2252 870 2291 emittere
897 2241 1061 2291 dextrae
1089 2252 1172 2291 illis
1186 2252 1423 2293 dissimiles'’
1444 2253 1539 2310 (¹¹⁰9.

158 2333 161 2334 ’
187 2379 189 2381 ¹
243 2330 438 2380 ignorasti
465 2331 589 2371 lector
600 2330 627 2383 Ξ)
662 2335 726 2381 „et
740 2335 874 2370 nostro
889 2335 1064 2387 tempore
1078 2335 1195 2370 natae
1208 2331 1243 2370 !’'
1261 2330 1427 2371 Gratias
1446 2332 1534 2383 agis

242 2408 401 2460 pOetae,
444 2409 515 2461 qui
552 2421 687 2449 omnes
724 2413 815 2449 tuas
849 2408 1118 2449 dubitationes
1156 2408 1303 2449 callida
1340 2414 1425 2449 arte
1462 2422 1535 2450 sua

240 2488 446 2530 sustulerit
461 2510 492 2538 ‚3
514 2480 765 2539 animumque
807 2486 979 2543 attendis
1020 2486 1087 2527 ad.
1113 2487 1193 2527 alia
1231 2493 1345 2528 atrox
1387 2471 1533 2529 bellum
