1816 2954
846 189 887 221 75

230 297 392 346 pugnat.
445 292 561 341 Quod
613 291 805 332 insulsum
848 297 918 332 est.
971 292 1107 332 Facile
1149 291 1300 344 patebit
1344 290 1510 342 „ludus”

229 370 467 424 generaliter
494 370 642 410 dictum
671 382 755 410 esse
783 370 831 409 de
860 370 953 410 ludo
967 370 1220 422 gladiatorio,
1237 375 1276 409 et
1290 369 1513 422 specialiter

229 450 364 490 addita
391 461 483 489 esse
504 450 625 489 verba
656 461 752 500 „nec
770 450 1032 502 myrmillonis
1047 450 1089 489 in
1104 448 1248 489 armis''
1266 461 1346 500 eqs.
1376 447 1511 488 Primo

228 540 354 580 genus
380 527 533 567 notavit
561 532 695 579 poeta,
725 531 809 567 tum
843 527 1012 579 speciem
1040 527 1265 579 descripsit,
1297 531 1340 566 ut
1367 526 1438 566 sit:
1467 526 1509 565 in

229 617 387 644 arenam
422 604 623 645 descendit
673 610 711 644 et
753 605 858 657 quod
898 606 1062 657 gravius
1103 610 1180 655 est,
1220 604 1421 645 descendit
1448 610 1508 644 tu-

228 683 393 724 nicatus.

282 762 400 811 Loci,
431 762 481 801 ad
508 774 607 813 quos
636 768 821 814 provocat
850 762 1069 812 Scholtius‚
1099 776 1123 803 a
1150 776 1237 803 mea
1254 763 1387 815 potius
1400 767 1507 802 stant

228 845 359 892 parte,
399 854 489 880 nam
526 854 627 892 quae
666 841 761 881 dicit
797 841 846 881 de
873 842 1001 882 tribus
1029 841 1267 893 ignominiae
1293 840 1504 893 gradibus:

231 918 423 970 „primum
462 922 506 958 ut
542 918 632 970 quis
660 919 701 957 in
730 930 908 958 scaenam
938 919 1128 971 prodiret,
1160 923 1243 958 tum
1272 919 1323 958 ad
1350 919 1504 970 galeam

228 997 433 1045 transiret,
473 997 629 1037 tandem
667 1003 712 1037 ut
750 998 949 1038 tunicatus
980 998 1022 1037 in
1049 1010 1169 1038 arena
1195 996 1427 1050 pugnaret’',
1458 1010 1505 1037 ea

228 1086 306 1114 non
334 1075 482 1127 scripta
509 1079 601 1115 sunt
629 1088 654 1114 a
676 1074 976 1124 Friedlandero‚
1002 1087 1118 1127 quem
1132 1076 1287 1125 laudat;
1305 1076 1503 1126 verbaque

229 1151 402 1192 Senecae
441 1152 618 1206 (Quaest.
658 1153 751 1193 Nat.
781 1152 864 1192 VII
892 1166 923 1192 c.
954 1152 1020 1206 31)
1062 1153 1126 1194 hic
1153 1153 1293 1193 habes:
1339 1152 1505 1204 „deinde

226 1230 301 1270 sub
339 1243 505 1283 persona
538 1243 626 1272 cum
659 1231 727 1271 diu
765 1231 858 1271 trita
894 1231 1002 1271 frons
1028 1235 1106 1281 est,
1141 1231 1332 1271 transitur
1358 1231 1408 1271 ad
1436 1244 1503 1283 ga·

226 1308 366 1349 leam.’'
406 1309 546 1361 Itaque
583 1310 625 1349 hi
654 1315 772 1350 testes
799 1309 935 1349 dicunt
963 1322 987 1349 a
1014 1321 1155 1349 scaena
1182 1309 1390 1349 transitum
1419 1322 1504 1349 esse

226 1387 276 1428 ad
304 1400 482 1439 arenam,
514 1388 614 1429 nihil
642 1389 743 1441 plus.

282 1466 519 1507 Weidnerus
571 1468 668 1519 legit
701 1467 882 1518 „ludius”
911 1467 1014 1518 quod
1046 1466 1187 1518 „ludus
1214 1466 1500 1518 gladiatorius''

165 1529 167 1531 ’
227 1545 369 1597 opponi
397 1558 476 1585 non
504 1545 628 1598 possit
657 1546 799 1597 „mimo
827 1545 988 1585 nobili.⁷'
1020 1545 1125 1585 Num
1153 1557 1245 1585 vero
1275 1545 1371 1585 haec
1401 1545 1503 1585 inter

226 1635 268 1662 se
291 1623 470 1676 opposita
496 1623 616 1664 sunt?
655 1623 756 1673 Quis
782 1636 871 1664 eum
894 1624 968 1664 hoc
990 1624 1164 1675 cogitare
1190 1623 1347 1674 coegit?
1380 1623 1503 1664 Poeta

228 1701 352 1741 dixit:
386 1702 505 1753 „quid
534 1702 609 1742 erit
637 1703 743 1743 ultra
770 1704 853 1742 haec
880 1703 956 1742 nisi
991 1702 1108 1742 ludus
1117 1701 1159 1742 ?'’
1181 1702 1206 1742 i.
1222 1715 1254 1742 e.
1270 1702 1366 1754 quid
1382 1707 1503 1743 restat

226 1779 333 1818 ultra
360 1779 431 1818 has
459 1784 563 1819 artes
590 1780 789 1820 scaenicas
817 1780 893 1819 nisi
919 1792 1059 1819 arenae
1085 1780 1278 1819 foeditas?

727 1921 793 1954 VS.
817 1921 998 1953 254—258.

342 2044 527 2085 Plebeiae
556 2045 770 2085 Deciorum
798 2045 970 2093 animae,
1000 2044 1155 2096 plebeia
1181 2044 1341 2083 fuerunt

342 2124 518 2164 nomina:
548 2137 618 2177 pro
647 2124 740 2164 totis
767 2123 990 2175 legionibus
1017 2122 1059 2162 hi
1086 2127 1217 2162 tamen
1243 2126 1283 2162 et
1310 2135 1381 2174 pro

342 2203 523 2243 omnibus
551 2203 714 2244 auxiliis
740 2207 859 2254 atque
886 2201 992 2241 omni
1020 2201 1124 2253 pube
1151 2200 1297 2239 Latina

340 2280 539 2321 sufficiunt
566 2280 628 2320 dis
656 2280 821 2320 infernis
847 2284 1051 2330 terraeque
1078 2278 1250 2330 parenti:

340 2359 467 2412 pluris
495 2359 598 2400 enim
627 2358 764 2423 Decii,
794 2370 913 2411 quam
939 2369 1042 2410 quae
1068 2360 1276 2397 servantur
1304 2356 1355 2396 ab
1382 2355 1476 2395 illis.

277 2486 481 2529 Postrema
531 2489 727 2532 sententia
775 2493 862 2545 post
899 2499 947 2532 ea
996 2499 1098 2543 quae
1144 2485 1382 2538 praecedunt
1427 2497 1505 2524 non
