1816 2954
877 185 923 215 67

679 401 702 441 S
736 401 767 441 A
795 402 822 441 T
849 400 881 441 U
907 402 938 441 R
965 400 994 441 A
1036 401 1132 442 VII.

762 550 835 582 vs.
861 551 1046 582 141—143.

374 682 553 734 Respicit
582 682 679 723 haec
706 682 876 735 primurn
904 682 974 734 qui
1002 682 1154 734 litigat,
1184 696 1235 723 an
1263 683 1335 723 tibi
1364 682 1469 722 servi

367 766 475 810 octo,
508 760 644 801 decem
674 761 856 810 comites,
886 773 936 800 an
965 765 1052 813 post
1080 765 1118 801 te
1146 761 1263 808 sella,
1293 761 1418 813 togati

361 845 455 879 ante
482 839 612 891 pedes.

309 995 426 1035 Idem
465 994 707 1036 Weidnerus
726 994 754 1048 ¹)
797 995 998 1035 contendit
1037 995 1245 1045 „comites”
1285 1007 1370 1035 esse
1397 995 1547 1047 praedi-

259 1079 391 1114 catum
430 1074 561 1122 verbi,
604 1073 709 1124 quod
746 1078 806 1113 est
848 1073 1014 1124 „servi”‚
1055 1078 1099 1113 ut
1127 1073 1225 1114 haec
1251 1074 1303 1113 sit
1330 1074 1544 1114 sententia:

257 1152 445 1204 „respicit
479 1156 613 1191 utrum
656 1151 729 1191 tibi
763 1155 850 1191 octo
879 1164 929 1190 an
957 1151 1090 1191 decem
1118 1152 1223 1191 servi
1251 1152 1330 1191 sint
1358 1151 1543 1192 comites'⁷

255 1230 352 1271 mire
380 1243 537 1279 errans,
568 1243 658 1270 nam
687 1229 839 1282 positus
868 1229 1096 1278 verborum,
1127 1241 1230 1281 quae
1244 1242 1313 1282 per
1328 1230 1544 1270 chiasmum

254 1309 359 1348 elata
386 1312 480 1348 sunt
507 1308 643 1348 eodem
674 1307 787 1349 modo
802 1319 881 1359 quo
896 1308 1121 1359 sequentia,
1147 1308 1244 1347 satis
1259 1308 1371 1347 docet
1387 1321 1544 1348 sensum

255 1400 361 1426 esse:
392 1400 443 1426 an
474 1387 549 1426 tibi
577 1387 656 1426 sint
685 1374 773 1426 octo
793 1386 918 1435 servi,
935 1386 1068 1426 decem
1088 1386 1250 1426 comites
1264 1386 1289 1426 i.
1306 1399 1338 1426 e.
1357 1387 1545 1437 „clientes

257 1465 420 1517 togati'';
452 1478 504 1505 an
533 1465 633 1505 sella
662 1469 750 1517 post
780 1469 837 1514 te,
868 1465 997 1516 togati
1015 1469 1107 1504 ante
1121 1470 1160 1504 te
1175 1464 1265 1504 sint.
1296 1463 1543 1514 Quantulum

262 1556 379 1595 porro
408 1544 597 1583 intererat
626 1549 759 1583 utrum
788 1543 922 1583 decem
950 1547 1079 1583 essent
1107 1543 1267 1583 comites
1295 1556 1346 1583 an
1375 1543 1490 1583 octo?

759 1723 830 1756 VS.
860 1722 1042 1756 175—177.

1116 1827 1305 1879 Tempta‚

374 1904 658 1959 Chrysogonus
692 1905 832 1957 quanti
861 1904 996 1946 doceat
1024 1905 1088 1944 vel
1116 1904 1230 1945 Polio
1257 1905 1398 1956 quanti

372 1986 571 2025 lautorum
600 1998 762 2037 pueros:
793 1990 917 2025 artem
944 1983 1125 2024 scindens
1152 1984 1363 2025 Theodori.

310 2116 530 2157 Verissima
567 2117 665 2157 mihi
703 2117 861 2157 videtur
897 2115 1117 2156 emendatio
1154 2115 1288 2156 Iahnii
1316 2129 1387 2169 pro
1417 2117 1541 2168 „scin-

254 2194 374 2236 dens”
414 2196 625 2237 scribentis
664 2194 879 2248 „scindes'⁷,
910 2194 1016 2247 quod
1051 2195 1211 2247 egregie
1239 2196 1423 2235 convenit
1451 2208 1541 2236 cum

254 2279 393 2325 poetae
430 2275 617 2326 loquendi
651 2288 726 2315 usu
754 2274 986 2326 imperativo
1014 2274 1258 2314 adnectentis
1284 2275 1370 2314 sine
1399 2275 1541 2327 copula

253 2352 433 2393 futurum
463 2359 617 2406 tempus
645 2352 864 2394 indicativi.
895 2351 1086 2393 Conferas
1114 2351 1196 2393 Sat.
1226 2352 1248 2392 I
1278 2353 1376 2393 155:
1409 2352 1542 2405 „Pone

299 2514 324 2556 ¹)
348 2514 369 2547 1.
394 2515 415 2547 l.
441 2525 515 2558 pag.
541 2516 617 2548 180.
