1816 2954
798 202 948 229 THESES.

830 374 912 409 VH.

281 477 371 517 Liv.
402 477 510 516 XXI
539 480 575 517 3.
608 481 652 517 1:

283 570 357 622 „In
400 569 664 610 Hasdrubalis
705 570 834 611 locum
875 571 981 611 haud
1020 571 1142 611 dubia
1178 584 1241 611 res
1278 571 1375 620 fuit,
1414 571 1513 622 quin

228 649 505 701 praerogativa
541 649 743 699 militaris,
786 661 866 700 qua
894 650 1091 701 extemplo
1119 650 1275 689 iuvenis
1304 649 1510 689 Hannibal

227 728 269 767 in
320 727 561 779 praetorium
611 727 767 767 delatus
809 728 1098 780 imperatorque
1139 729 1293 779 ingenti
1336 728 1512 768 omnium

226 806 395 846 elamore
444 810 565 858 atque
609 805 776 846 adsensu
818 807 1040 858 appellatus
1081 811 1185 857 erat,
1227 807 1340 846 favor
1383 806 1513 858 plebis

227 884 503 937 sequebatur.’'
559 905 561 907 v

229 981 427 1023 commode
456 982 536 1034 legi
565 987 692 1035 potest
705 998 713 1022 ε

284 1090 356 1141 „In
400 1089 663 1130 Hasdrubalis
704 1091 833 1129 looum
870 1090 975 1130 haud
1012 1090 1134 1130 dubia
1174 1103 1237 1130 res
1264 1091 1361 1139 fuit,
1392 1102 1513 1141 quem

227 1168 504 1220 praerogativa
531 1168 714 1207 militaris
743 1173 911 1216 crearet,
942 1173 980 1207 et
1004 1168 1239 1208 sententiam
1264 1168 1513 1208 comitiorum

227 1246 479 1297 militarium,
510 1258 590 1298 qua
737 1251 841 1296 erat,
871 1246 984 1286 favor
1011 1246 1139 1298 plebis
1168 1246 1445 1298 sequebatur.''

821 1417 922 1450 VIII.

280 1521 370 1560 Liv.
400 1520 529 1560 VIIII
558 1524 602 1569 5,
632 1524 679 1560 4:

283 1613 609 1667 „Spoponderunt
666 1615 845 1655 eonsules
898 1614 1022 1666 legati
1074 1619 1308 1666 quaestores
1354 1615 1506 1655 tribuni

227 1693 398 1732 militum
427 1693 533 1744 eqs.’'

226 1788 383 1839 legatur
394 1802 402 1827 ε

282 1879 609 1933 „Spoponderunt
662 1881 841 1920 eonsules
906 1880 1028 1931 legati
1079 1884 1306 1931 quaestores
1358 1879 1510 1919 tribuni

227 1963 266 1999 et
294 1959 420 2012 plebis
447 1964 486 1999 et
514 1959 686 1999 militum
711 1958 817 2011 eqs.’'

808 2129 927 2162 VIHI.

281 2248 398 2290 Ovid.
428 2249 587 2290 Metam.
617 2248 683 2288 III
713 2249 813 2288 675:

471 2334 709 2387 „Squamam
738 2333 841 2374 eutis
868 2332 1010 2373 durata
1039 2332 1262 2373 trahebat.''

227 2413 312 2452 iure
354 2413 574 2453 Merkelius
618 2411 868 2464 „squamam”
918 2411 1107 2461 mutavit3
1165 2412 1296 2451 neseio
1333 2425 1384 2451 an
1422 2425 1511 2452 eum

226 2504 271 2531 eo
301 2492 509 2542 legendum
538 2493 589 2531 sit
617 2490 819 2531 sa1111am.''
