1816 2954
901 220 944 252 12

280 323 485 365 Habemus
512 324 657 376 igitur:
692 323 850 375 „sigillo
878 324 1057 376 signator
1085 323 1222 374 falso‘',
1253 323 1310 364 ita
1334 327 1379 364 ut
1393 323 1561 377 primum

280 401 469 441 ablativis
499 401 706 452 qualitatis
741 401 858 440 homo
893 401 1078 441 universe
1106 405 1283 451 notetur,
1313 401 1454 440 deinde
1485 401 1562 440 sin-

280 479 453 532 gillatim
495 492 565 532 per
605 479 839 520 sententiam
877 479 1096 520 relativam.
1153 478 1304 520 Similis
1336 478 1563 532 epexegesis

280 557 366 597 sive
402 557 614 610 explicatio
641 557 744 597 inest
768 556 851 598 Sat.
882 557 944 597 VI
972 558 1071 598 252:
1105 570 1245 609 „quem
1273 562 1471 610 praestare
1498 569 1563 609 po-

282 640 359 676 test
400 636 543 676 mulier
575 636 735 687 galeata
762 635 970 688 pudorem,
1004 648 1106 688 quae
1133 636 1238 688 fugit
1266 649 1291 676 a
1317 647 1434 686 sexu,
1460 635 1564 675 vires

281 713 440 755 amat?’'
480 713 616 754 Etiam
656 712 738 754 Sat.
780 712 847 754 111
876 715 947 765 90,
977 713 1043 754 XI
1073 715 1122 754 76
1150 718 1190 754 et
1230 713 1296 754 XI
1338 715 1426 754 117.
1469 713 1564 754 For-

281 793 416 833 eellini
466 794 541 833 sub
598 805 694 833 voce
749 793 823 833 hoe
872 793 1007 833 habet:
1067 794 1269 845 „sigillum
1318 793 1463 834 dieitur
1515 792 1564 832 de

282 871 474 923 imagine,
518 883 621 923 quae
654 872 774 912 anulo
811 871 1030 923 signatorio
1057 872 1099 912 in
1128 884 1218 913 oera
1244 871 1375 912 aliave
1402 870 1565 911 materia

282 949 545 1003 imprimitur''
586 949 741 991 duobus
781 949 915 991 allatis
952 949 1069 991 loeis:
1114 949 1212 991 Hor.
1253 949 1327 1003 Ep.
1361 949 1383 990 I
1410 950 1488 990 203
1526 952 1565 989 et

283 1027 367 1069 Cic.
410 1028 533 1069 Aead.
578 1028 739 1079 Quaest.
783 1028 827 1069 II
870 1027 967 1082 Gap.
1010 1030 1082 1080 26,
1126 1029 1195 1070 ubi
1237 1029 1334 1069 haee
1374 1029 1563 1081 legimus:

285 1108 405 1159 „quid
432 1108 468 1148 si
495 1108 537 1147 in
564 1108 846 1148 eiusdemmodi
875 1121 966 1149 cera
995 1114 1151 1149 eentum
1180 1109 1317 1160 sigilla
1344 1108 1419 1148 hoo
1445 1107 1565 1147 anulo

281 1185 563 1239 impressero?’'

338 1263 456 1313 Quod
479 1265 590 1314 volo,
620 1269 805 1305 accurate
832 1264 911 1305 iam
938 1265 989 1304 ab
1018 1263 1252 1305 Heinriohio
1265 1262 1295 1316 2)
1326 1263 1564 1315 descriptum

282 1346 358 1383 est:
401 1341 499 1393 „Bei
534 1341 635 1382 falso
662 1341 715 1382 ist
741 1341 857 1394 signo
885 1354 934 1382 zu
962 1341 1166 1395 suppliren
1193 1354 1266 1382 aus
1293 1341 1381 1382 dem
1409 1339 1565 1381 vorher-

283 1420 490 1472 gehenden
540 1421 729 1472 signator.
794 1420 855 1460 Zu
904 1420 1031 1460 einem
1080 1420 1264 1472 giiltigen
1313 1419 1565 1460 Testamente

282 1499 456 1552 gehoren
492 1498 556 1540 die
593 1499 801 1551 signacula
839 1498 999 1540 testium
1036 1498 1077 1539 in
1114 1497 1264 1540 Waehs
1305 1496 1563 1551 abgedriiekt.

283 1576 372 1617 Das
408 1577 524 1617 {iohte
561 1576 791 1617 Testament
826 1577 927 1617 wird
965 1577 1269 1629 untersehlagen
1297 1576 1379 1617 und
1407 1577 1472 1616 ein
1499 1589 1566 1616 an-

282 1656 396 1696 deres
437 1655 509 1695 mit
551 1655 728 1696 falsehen
771 1654 932 1708 Siegeln
973 1655 1322 1708 untergesehoben.
1368 1653 1451 1695 Cio.
1496 1667 1566 1707 pro

283 1732 441 1774 Cluent.
480 1731 577 1786 Gap.
619 1735 689 1773 14:
731 1737 1032 1784 „testamentum
1061 1734 1101 1773 in
1130 1734 1230 1774 alias
1256 1734 1415 1774 tabulas
1442 1737 1566 1773 trans-

281 1814 472 1866 scriptum
498 1813 626 1865 signis
653 1812 890 1854 adulterinis
919 1812 1184 1865 obsignavit.''

338 1889 489 1931 Similis
527 1890 752 1944 corruptela
775 1890 935 1944 irrepsit
963 1890 1005 1930 in
1033 1903 1090 1931 vs.
1123 1891 1197 1931 107
1230 1888 1312 1930 Sat.
1343 1888 1424 1929 VI:

454 2008 665 2048 Praeterea
702 2009 829 2049 multa
857 2008 899 2048 in
926 2009 1028 2049 faeie
1054 2008 1263 2057 deformia,
1294 2007 1396 2048 sieut

452 2087 614 2128 attritus
631 2087 748 2139 galea
773 2098 857 2139 sqq.

338 2203 417 2245 Hie
458 2204 659 2245 ablativus
691 2203 839 2257 (galea)
880 2216 979 2244 crux
1011 2208 1071 2244 est
1099 2204 1370 2256 interpretum.
1408 2202 1566 2243 Heinri-

281 2282 395 2322 ohius
422 2282 537 2322 affert
564 2282 634 2322 ille
656 2282 816 2334 quidem
844 2283 970 2332 loeos,
1000 2283 1070 2322 ubi
1098 2282 1258 2322 dativus
1279 2281 1463 2333 iungitur
1477 2294 1566 2322 eum

281 2359 532 2400 substantivo
560 2360 733 2411 verbali,
772 2359 877 2412 quod
906 2359 1073 2409 dieitur,
1103 2359 1172 2400 sed
1202 2360 1323 2410 locos,
1354 2359 1397 2399 in
1423 2358 1568 2411 quibus

328 2515 355 2558 ²)
380 2516 528 2547 Heinr.
551 2515 623 2547 Iuv.
650 2516 718 2547 Sat.
744 2516 802 2547 vol.
828 2515 865 2547 H
890 2526 965 2559 pag.
988 2516 1041 2547 61.
