1816 2954
858 190 902 224 39

292 293 438 345 „Inde”
472 293 546 347 (vs,
579 293 671 346 139)
702 294 895 346 respicere
924 293 1082 333 videtur
1110 292 1161 333 ad
1189 292 1396 343 sequentia
1420 304 1523 343 quae

236 377 329 413 sunt
355 385 404 424 „a
426 371 554 421 dote'f,
580 384 658 412 non
681 372 732 412 ad
755 372 888 425 priora
913 372 1000 423 „bis
1023 371 1227 424 quingena
1249 370 1385 411 dedit”
1412 374 1457 411 ut
1472 370 1524 411 sit

236 463 394 492 sensus:
425 450 561 502 „inde,
587 464 611 490 a
634 450 725 491 dote
739 450 843 502 dico,
866 451 1005 492 ardent
1020 451 1142 501 faces,
1160 450 1327 490 veniunt
1341 450 1523 502 sagittae.

291 529 427 570 Etiam
455 529 497 569 in
526 528 608 569 Sat.
639 529 700 569 VI
729 531 807 570 560
835 535 874 570 et
902 529 985 570 XV
1014 531 1064 570 36
1097 529 1237 580 „inde”
1268 529 1527 581 sequentibus

236 608 369 649 verbis
404 608 620 660 excipitur,
659 612 704 648 ut
741 608 885 661 passim
923 608 968 648 fit
1005 607 1111 660 apud
1139 620 1273 648 omnes
1301 607 1524 660 scriptores.

236 686 378 738 Itaque
414 699 493 727 non
520 691 580 726 est
607 686 712 738 quod
739 676 863 727 facias
886 700 975 727 cum
1004 686 1180 727 Scholtio
1193 686 1227 740 1)
1259 699 1417 727 versum
1447 688 1523 727 138

237 778 285 805 ea
320 765 370 806 de
407 778 527 806 causa
558 765 733 815 delente,
773 765 878 818 quod
908 770 1136 818 sequentem
1159 765 1325 805 divellat
1353 778 1378 805 a
1406 777 1524 805 versu

240 847 336 896 137,
380 857 549 897 quocum
590 845 808 885 arctissime
848 845 1066 886 cohaereat.
1120 845 1190 886 Vs.
1236 847 1312 886 138
1342 846 1406 886 vel
1435 845 1524 886 ideo

236 925 387 965 servari
424 925 560 973 debet,
600 924 706 976 quod
738 928 819 964 tam
847 929 953 965 arcte
981 937 1071 965 cum
1107 926 1288 977 sequenti
1317 925 1521 977 cohaeret,

238 1006 282 1042 ut
323 1002 358 1041 si
399 1003 568 1042 alterum
609 1002 761 1051 deleas,
813 1007 852 1041 et
889 1003 1057 1042 alterum
1096 1003 1217 1043 eicias
1255 1015 1413 1043 necesse
1451 1004 1523 1053 sit,

236 1093 327 1120 nam
356 1093 411 1121 vs.
445 1083 519 1121 139
548 1081 673 1120 altero
701 1081 843 1121 omisso
871 1081 1088 1130 claudicat,
1117 1081 1304 1132 quoniam
1332 1081 1381 1121 de
1411 1081 1524 1122 affec-

236 1159 344 1198 tione
380 1159 581 1210 coniugali
613 1158 769 1210 proprie
791 1170 918 1198 sermo
946 1171 1024 1198 non
1052 1164 1130 1207 est,
1166 1171 1303 1199 verum
1332 1164 1448 1211 poeta
1475 1159 1525 1199 de

238 1236 431 1288 pudicitia
462 1237 650 1288 loquitur.

292 1313 408 1364 Quod
433 1313 633 1354 Scholtius
661 1314 791 1354 addit:
832 1314 1051 1366 „pharetris
1086 1314 1300 1354 macerari’'
1336 1314 1416 1354 dici
1444 1327 1524 1354 non

237 1406 370 1446 posse,
417 1394 535 1445 „igne
576 1392 790 1433 maeerari⁷⁷
834 1405 965 1445 posse,
1011 1392 1108 1432 mihi
1144 1393 1267 1433 iocari
1301 1393 1411 1433 visus
1451 1398 1522 1433 est.

237 1472 370 1513 Possis
397 1471 527 1513 dicere
563 1472 698 1512 eodem
726 1472 831 1521 iure,
862 1472 1086 1511 laborantes
1114 1471 1292 1512 homines
1320 1472 1413 1524 igne
1444 1484 1523 1512 non

240 1551 465 1602 „macerari'
495 1551 563 1591 sed
594 1550 872 1602 „deflagrare”
901 1550 1019 1590 Talia
1047 1550 1144 1590 mihi
1171 1550 1355 1591 videntur
1384 1556 1522 1603 poetae

237 1642 323 1670 esse
350 1630 513 1670 satirici.

292 1707 357 1747 De
397 1707 583 1759 pharetra
618 1711 657 1746 et
695 1706 875 1757 lampade
903 1705 1071 1745 Veneris
1099 1707 1358 1746 conferendus
1387 1707 1521 1756 locus,

237 1787 307 1838 qui
356 1786 558 1826 invenitur
599 1784 704 1837 apud
742 1784 971 1825 Lucretium
1013 1783 1103 1824 1111
1146 1797 1202 1824 vs.
1249 1785 1369 1824 1278:
1427 1797 1524 1836 „nec

237 1867 431 1908 divinitus
466 1865 664 1907 interdum
703 1864 950 1917 Venerisque
996 1864 1154 1917 sagittis
1182 1864 1376 1905 deteriore
1404 1864 1450 1905 fit
1478 1869 1524 1905 ut

237 1948 363 1988 forma
404 1946 637 1987 muliercula
672 1945 870 1995 ametur’';
916 1949 955 1984 et
997 1945 1098 1984 alter
1135 1944 1241 1996 apud
1270 1943 1523 1997 Propertium

238 2025 277 2066 V
324 2027 347 2066 3
396 2038 452 2066 vs.
500 2026 550 2065 49
598 2037 678 2076 sq.:
725 2023 874 2076 „omnis
915 2035 1024 2063 amor
1065 2035 1233 2074 magnus
1273 2022 1343 2063 sed
1386 2027 1523 2076 aperto

237 2104 279 2144 in
307 2104 476 2156 coniuge
499 2104 642 2143 maior:
683 2103 785 2143 hanc
813 2101 969 2152 Venus,
1005 2107 1049 2141 ut
1078 2102 1209 2152 vivat,
1240 2102 1408 2142 ventilat
1436 2102 1524 2154 ipsa

238 2182 401 2224 facem.’'

291 2261 502 2302 Praeterea
540 2259 726 2312 „Venus”
768 2264 895 2312 potest
932 2259 1012 2299 dici
1045 2271 1115 2311 pro
1156 2258 1313 2310 „amor”
1353 2264 1399 2298 ut
1440 2271 1522 2299 sae-

239 2341 330 2393 pius
357 2340 463 2393 apud
491 2338 726 2380 Horatium:
757 2338 807 2379 cf.
838 2336 919 2378 Sat.
950 2336 972 2376 Ι
1001 2339 1046 2388 4,
1078 2338 1167 2377 113.

285 2504 310 2545 l)
333 2503 353 2535 l.
380 2503 401 2535 l.
427 2513 501 2545 pag.
526 2504 578 2534 50.
