<?xml version="1.0" encoding="UTF-8"?>
<!DOCTYPE html PUBLIC "-//W3C//DTD XHTML 1.0 Transitional//EN"
    "http://www.w3.org/TR/xhtml1/DTD/xhtml1-transitional.dtd">
<html xmlns="http://www.w3.org/1999/xhtml" xml:lang="en" lang="en">
 <head>
  <title>
</title>
<meta http-equiv="Content-Type" content="text/html;charset=utf-8" />
  <meta name='ocr-system' content='tesseract 3.04.00' />
  <meta name='ocr-capabilities' content='ocr_page ocr_carea ocr_par ocr_line ocrx_word'/>
</head>
<body>
  <div class='ocr_page' id='page_1' title='image "./4771781_0095.png"; bbox 0 0 1816 2954; ppageno 0'>
   <div class='ocr_carea' id='block_1_1' title="bbox 861 192 901 227">
    <p class='ocr_par' dir='ltr' id='par_1_1' title="bbox 861 192 901 227">
     <span class='ocr_line' id='line_1_1' title="bbox 861 192 901 227; baseline -0.025 0"><span class='ocrx_word' id='word_1_1' title='bbox 861 192 901 227; x_wconf 81' lang='lat'><strong>87</strong></span> 
     </span>
    </p>
   </div>
   <div class='ocr_carea' id='block_1_2' title="bbox 237 297 1525 1124">
    <p class='ocr_par' dir='ltr' id='par_1_2' title="bbox 237 297 1523 417">
     <span class='ocr_line' id='line_1_2' title="bbox 237 297 1523 350; baseline 0 -13"><span class='ocrx_word' id='word_1_2' title='bbox 237 297 486 350; x_wconf 87' lang='lat' dir='ltr'><strong>praesertim,</strong></span> <span class='ocrx_word' id='word_1_3' title='bbox 541 302 585 337; x_wconf 91' lang='lat' dir='ltr'><strong>ut</strong></span> <span class='ocrx_word' id='word_1_4' title='bbox 637 297 715 337; x_wconf 90' lang='lat' dir='ltr'><strong>iam</strong></span> <span class='ocrx_word' id='word_1_5' title='bbox 766 298 871 349; x_wconf 83' lang='lat' dir='ltr'>dixi,</span> <span class='ocrx_word' id='word_1_6' title='bbox 916 298 993 339; x_wconf 90' lang='lat' dir='ltr'><strong>diis</strong></span> <span class='ocrx_word' id='word_1_7' title='bbox 1036 299 1307 338; x_wconf 82' lang='lat' dir='ltr'><strong>immolaretur</strong></span> <span class='ocrx_word' id='word_1_8' title='bbox 1349 298 1523 337; x_wconf 90' lang='lat' dir='ltr'><strong>victimis</strong></span> 
     </span>
     <span class='ocr_line' id='line_1_3' title="bbox 237 377 426 417; baseline -0.011 1"><span class='ocrx_word' id='word_1_9' title='bbox 237 377 426 417; x_wconf 87' lang='lat' dir='ltr'><strong>candidis.</strong></span> 
     </span>
    </p>

    <p class='ocr_par' dir='ltr' id='par_1_3' title="bbox 237 454 1525 1124">
     <span class='ocr_line' id='line_1_4' title="bbox 292 454 1525 509; baseline -0.002 -13"><span class='ocrx_word' id='word_1_10' title='bbox 292 455 399 506; x_wconf 78' lang='lat' dir='ltr'><strong>Quid</strong></span> <span class='ocrx_word' id='word_1_11' title='bbox 436 460 568 496; x_wconf 87' lang='lat' dir='ltr'><strong>autem</strong></span> <span class='ocrx_word' id='word_1_12' title='bbox 607 457 703 496; x_wconf 91' lang='lat' dir='ltr'><strong>latet</strong></span> <span class='ocrx_word' id='word_1_13' title='bbox 740 457 781 496; x_wconf 88' lang='lat' dir='ltr'><strong>in</strong></span> <span class='ocrx_word' id='word_1_14' title='bbox 810 457 930 497; x_wconf 90' lang='lat' dir='ltr'><strong>verbo</strong></span> <span class='ocrx_word' id='word_1_15' title='bbox 961 456 1200 509; x_wconf 81' lang='lat' dir='ltr'><strong>„sanguis&#39;&#39;?</strong></span> <span class='ocrx_word' id='word_1_16' title='bbox 1242 456 1412 495; x_wconf 90' lang='lat' dir='ltr'><strong>Flumen</strong></span> <span class='ocrx_word' id='word_1_17' title='bbox 1443 454 1525 494; x_wconf 84' lang='lat' dir='ltr'><strong>Oli-</strong></span> 
     </span>
     <span class='ocr_line' id='line_1_5' title="bbox 237 535 1521 587; baseline -0.001 -11"><span class='ocrx_word' id='word_1_18' title='bbox 237 541 417 585; x_wconf 87' lang='lat' dir='ltr'><strong>tumnus‚</strong></span> <span class='ocrx_word' id='word_1_19' title='bbox 463 536 577 576; x_wconf 86' lang='lat' dir='ltr'><strong>cuius</strong></span> <span class='ocrx_word' id='word_1_20' title='bbox 604 536 733 576; x_wconf 90' lang='lat' dir='ltr'><strong>undae</strong></span> <span class='ocrx_word' id='word_1_21' title='bbox 770 537 921 577; x_wconf 85' lang='lat' dir='ltr'><strong>vitreae</strong></span> <span class='ocrx_word' id='word_1_22' title='bbox 949 542 1062 577; x_wconf 87' lang='lat' dir='ltr'><strong>erant</strong></span> <span class='ocrx_word' id='word_1_23' title='bbox 1085 542 1124 577; x_wconf 93' lang='lat' dir='ltr'><strong>et</strong></span> <span class='ocrx_word' id='word_1_24' title='bbox 1154 537 1245 576; x_wconf 87' lang='lat' dir='ltr'><strong>nive</strong></span> <span class='ocrx_word' id='word_1_25' title='bbox 1274 535 1521 587; x_wconf 83' lang='lat' dir='ltr'><strong>frigidiores,</strong></span> 
     </span>
     <span class='ocr_line' id='line_1_6' title="bbox 238 612 1523 666; baseline -0.002 -13"><span class='ocrx_word' id='word_1_26' title='bbox 238 613 341 653; x_wconf 91' lang='lat' dir='ltr'><strong>inter</strong></span> <span class='ocrx_word' id='word_1_27' title='bbox 382 613 462 653; x_wconf 84' lang='lat' dir='ltr'><strong>alia</strong></span> <span class='ocrx_word' id='word_1_28' title='bbox 503 612 668 653; x_wconf 86' lang='lat' dir='ltr'><strong>flumina</strong></span> <span class='ocrx_word' id='word_1_29' title='bbox 709 614 901 666; x_wconf 84' lang='lat' dir='ltr'><strong>imprimis</strong></span> <span class='ocrx_word' id='word_1_30' title='bbox 942 620 1131 666; x_wconf 83' lang='lat' dir='ltr'><strong>tanquam</strong></span> <span class='ocrx_word' id='word_1_31' title='bbox 1169 614 1267 653; x_wconf 91' lang='lat' dir='ltr'><strong>deus</strong></span> <span class='ocrx_word' id='word_1_32' title='bbox 1307 614 1523 653; x_wconf 79' lang='lat' dir='ltr'><strong>colebatur.</strong></span> 
     </span>
     <span class='ocr_line' id='line_1_7' title="bbox 237 691 1523 745; baseline 0 -14"><span class='ocrx_word' id='word_1_33' title='bbox 237 692 438 732; x_wconf 90' lang='lat' dir='ltr'><strong>Prellerus</strong></span> <span class='ocrx_word' id='word_1_34' title='bbox 457 691 485 745; x_wconf 89' lang='lat'><strong>¹)</strong></span> <span class='ocrx_word' id='word_1_35' title='bbox 517 693 675 744; x_wconf 79' lang='lat' dir='ltr'><strong>scripsit</strong></span> <span class='ocrx_word' id='word_1_36' title='bbox 702 692 848 732; x_wconf 89' lang='lat' dir='ltr'><strong>flumen</strong></span> <span class='ocrx_word' id='word_1_37' title='bbox 863 694 1104 745; x_wconf 88' lang='lat' dir='ltr'><strong>appellatum</strong></span> <span class='ocrx_word' id='word_1_38' title='bbox 1120 706 1204 733; x_wconf 91' lang='lat' dir='ltr'><strong>esse</strong></span> <span class='ocrx_word' id='word_1_39' title='bbox 1218 693 1355 732; x_wconf 90' lang='lat' dir='ltr'><strong>divum</strong></span> <span class='ocrx_word' id='word_1_40' title='bbox 1371 697 1523 744; x_wconf 89' lang='lat' dir='ltr'><strong>patrem</strong></span> 
     </span>
     <span class='ocr_line' id='line_1_8' title="bbox 238 769 1523 823; baseline -0.001 -13"><span class='ocrx_word' id='word_1_41' title='bbox 238 769 505 820; x_wconf 83' lang='lat' dir='ltr'><strong>Clitumnum,</strong></span> <span class='ocrx_word' id='word_1_42' title='bbox 537 775 575 810; x_wconf 88' lang='lat' dir='ltr'><strong>et</strong></span> <span class='ocrx_word' id='word_1_43' title='bbox 603 775 760 822; x_wconf 90' lang='lat' dir='ltr'><strong>pontem</strong></span> <span class='ocrx_word' id='word_1_44' title='bbox 789 770 829 810; x_wconf 93' lang='lat' dir='ltr'><strong>in</strong></span> <span class='ocrx_word' id='word_1_45' title='bbox 859 783 904 811; x_wconf 93' lang='lat' dir='ltr'><strong>eo</strong></span> <span class='ocrx_word' id='word_1_46' title='bbox 932 771 1073 820; x_wconf 88' lang='lat' dir='ltr'><strong>fuisse,</strong></span> <span class='ocrx_word' id='word_1_47' title='bbox 1105 771 1179 822; x_wconf 79' lang='lat' dir='ltr'><strong>qui¹</strong></span> <span class='ocrx_word' id='word_1_48' title='bbox 1204 776 1355 823; x_wconf 88' lang='lat' dir='ltr'><strong>partem</strong></span> <span class='ocrx_word' id='word_1_49' title='bbox 1370 782 1523 809; x_wconf 89' lang='lat' dir='ltr'><strong>sacram</strong></span> 
     </span>
     <span class='ocr_line' id='line_1_9' title="bbox 237 848 1524 900; baseline 0 -13"><span class='ocrx_word' id='word_1_50' title='bbox 237 848 462 899; x_wconf 86' lang='lat' dir='ltr'><strong>seiungeret</strong></span> <span class='ocrx_word' id='word_1_51' title='bbox 503 861 528 888; x_wconf 87' lang='lat' dir='ltr'><strong>a</strong></span> <span class='ocrx_word' id='word_1_52' title='bbox 568 849 754 899; x_wconf 86' lang='lat' dir='ltr'><strong>profana,</strong></span> <span class='ocrx_word' id='word_1_53' title='bbox 801 849 843 887; x_wconf 90' lang='lat' dir='ltr'><strong>in</strong></span> <span class='ocrx_word' id='word_1_54' title='bbox 880 861 960 900; x_wconf 87' lang='lat' dir='ltr'><strong>qua</strong></span> <span class='ocrx_word' id='word_1_55' title='bbox 997 855 1035 888; x_wconf 89' lang='lat' dir='ltr'><strong>et</strong></span> <span class='ocrx_word' id='word_1_56' title='bbox 1074 850 1304 888; x_wconf 88' lang='lat' dir='ltr'><strong>lavarentur</strong></span> <span class='ocrx_word' id='word_1_57' title='bbox 1341 848 1524 887; x_wconf 84' lang='lat' dir='ltr'><strong>Romani.</strong></span> 
     </span>
     <span class='ocr_line' id='line_1_10' title="bbox 238 924 1525 980; baseline -0.002 -13"><span class='ocrx_word' id='word_1_58' title='bbox 238 926 341 967; x_wconf 92' lang='lat' dir='ltr'><strong>Puto</strong></span> <span class='ocrx_word' id='word_1_59' title='bbox 379 927 505 978; x_wconf 85' lang='lat' dir='ltr'><strong>igitur</strong></span> <span class='ocrx_word' id='word_1_60' title='bbox 541 939 631 967; x_wconf 87' lang='lat' dir='ltr'><strong>cum</strong></span> <span class='ocrx_word' id='word_1_61' title='bbox 670 926 937 967; x_wconf 89' lang='lat' dir='ltr'><strong>Herwerdeno</strong></span> <span class='ocrx_word' id='word_1_62' title='bbox 953 925 984 980; x_wconf 86' lang='grc'><strong>2)</strong></span> <span class='ocrx_word' id='word_1_63' title='bbox 1026 926 1238 979; x_wconf 86' lang='lat' dir='ltr'><strong>legendum</strong></span> <span class='ocrx_word' id='word_1_64' title='bbox 1266 938 1370 966; x_wconf 89' lang='lat' dir='ltr'><strong>esse:</strong></span> <span class='ocrx_word' id='word_1_65' title='bbox 1419 924 1525 977; x_wconf 85' lang='lat' dir='ltr'><strong>„Oli-</strong></span> 
     </span>
     <span class='ocr_line' id='line_1_11' title="bbox 237 1005 1524 1057; baseline -0.001 -12"><span class='ocrx_word' id='word_1_66' title='bbox 237 1006 365 1045; x_wconf 90' lang='lat' dir='ltr'><strong>tumni</strong></span> <span class='ocrx_word' id='word_1_67' title='bbox 398 1018 545 1057; x_wconf 86' lang='lat' dir='ltr'><strong>pascua</strong></span> <span class='ocrx_word' id='word_1_68' title='bbox 577 1005 742 1045; x_wconf 87' lang='lat' dir='ltr'><strong>sancti.&#39;’</strong></span> <span class='ocrx_word' id='word_1_69' title='bbox 788 1005 877 1057; x_wconf 91' lang='lat' dir='ltr'><strong>Ipse</strong></span> <span class='ocrx_word' id='word_1_70' title='bbox 906 1006 947 1045; x_wconf 91' lang='lat' dir='ltr'><strong>in</strong></span> <span class='ocrx_word' id='word_1_71' title='bbox 975 1006 1138 1045; x_wconf 90' lang='lat' dir='ltr'><strong>eandem</strong></span> <span class='ocrx_word' id='word_1_72' title='bbox 1166 1006 1434 1046; x_wconf 87' lang='lat' dir='ltr'><strong>coniecturam</strong></span> <span class='ocrx_word' id='word_1_73' title='bbox 1469 1006 1524 1044; x_wconf 90' lang='lat' dir='ltr'><strong>in-</strong></span> 
     </span>
     <span class='ocr_line' id='line_1_12' title="bbox 237 1083 420 1124; baseline -0.005 0"><span class='ocrx_word' id='word_1_74' title='bbox 237 1083 420 1124; x_wconf 86' lang='lat' dir='ltr'><strong>cideram.</strong></span> 
     </span>
    </p>
   </div>
   <div class='ocr_carea' id='block_1_3' title="bbox 767 1186 996 1219">
    <p class='ocr_par' dir='ltr' id='par_1_4' title="bbox 767 1186 996 1219">
     <span class='ocr_line' id='line_1_13' title="bbox 767 1186 996 1219; baseline -0.004 0"><span class='ocrx_word' id='word_1_75' title='bbox 767 1186 833 1219; x_wconf 80' lang='lat' dir='ltr'><strong>VS.</strong></span> <span class='ocrx_word' id='word_1_76' title='bbox 858 1186 878 1219; x_wconf 92' lang='lat'>7</span> <span class='ocrx_word' id='word_1_77' title='bbox 881 1188 996 1219; x_wconf 79' lang='lat'>2—74.</span> 
     </span>
    </p>
   </div>
   <div class='ocr_carea' id='block_1_4' title="bbox 354 1306 1415 1517">
    <p class='ocr_par' dir='ltr' id='par_1_5' title="bbox 354 1306 1415 1517">
     <span class='ocr_line' id='line_1_14' title="bbox 946 1306 1389 1365; baseline -0.002 -17"><span class='ocrx_word' id='word_1_78' title='bbox 946 1306 1023 1348; x_wconf 84' lang='lat' dir='ltr'><strong>Oui</strong></span> <span class='ocrx_word' id='word_1_79' title='bbox 1051 1307 1220 1365; x_wconf 83' lang='lat' dir='ltr'><strong>candida</strong></span> <span class='ocrx_word' id='word_1_80' title='bbox 1247 1320 1389 1348; x_wconf 88' lang='lat' dir='ltr'><strong>nomen</strong></span> 
     </span>
     <span class='ocr_line' id='line_1_15' title="bbox 354 1385 1415 1439; baseline 0 -13"><span class='ocrx_word' id='word_1_81' title='bbox 354 1387 482 1427; x_wconf 89' lang='lat' dir='ltr'><strong>scrofa</strong></span> <span class='ocrx_word' id='word_1_82' title='bbox 508 1386 636 1436; x_wconf 86' lang='lat' dir='ltr'><strong>dedit,</strong></span> <span class='ocrx_word' id='word_1_83' title='bbox 667 1386 782 1426; x_wconf 90' lang='lat' dir='ltr'><strong>laetis</strong></span> <span class='ocrx_word' id='word_1_84' title='bbox 810 1385 1039 1439; x_wconf 84' lang='lat' dir='ltr'><strong>Phrygibus</strong></span> <span class='ocrx_word' id='word_1_85' title='bbox 1067 1386 1249 1426; x_wconf 88' lang='lat' dir='ltr'><strong>mirabile</strong></span> <span class='ocrx_word' id='word_1_86' title='bbox 1277 1399 1415 1426; x_wconf 89' lang='lat' dir='ltr'><strong>sumen</strong></span> 
     </span>
     <span class='ocr_line' id='line_1_16' title="bbox 354 1464 1306 1517; baseline 0 -13"><span class='ocrx_word' id='word_1_87' title='bbox 354 1470 393 1504; x_wconf 90' lang='lat' dir='ltr'><strong>et</strong></span> <span class='ocrx_word' id='word_1_88' title='bbox 422 1477 622 1517; x_wconf 86' lang='lat' dir='ltr'><strong>nunquam</strong></span> <span class='ocrx_word' id='word_1_89' title='bbox 652 1464 748 1504; x_wconf 87' lang='lat' dir='ltr'><strong>visis</strong></span> <span class='ocrx_word' id='word_1_90' title='bbox 778 1464 942 1515; x_wconf 86' lang='lat' dir='ltr'><strong>triginta</strong></span> <span class='ocrx_word' id='word_1_91' title='bbox 970 1465 1078 1504; x_wconf 89' lang='lat' dir='ltr'><strong>clara</strong></span> <span class='ocrx_word' id='word_1_92' title='bbox 1106 1465 1306 1505; x_wconf 86' lang='lat' dir='ltr'><strong>mamillis.</strong></span> 
     </span>
    </p>
   </div>
   <div class='ocr_carea' id='block_1_5' title="bbox 236 1600 1525 2279">
    <p class='ocr_par' dir='ltr' id='par_1_6' title="bbox 236 1600 1525 2121">
     <span class='ocr_line' id='line_1_17' title="bbox 291 1600 1523 1654; baseline 0.002 -14"><span class='ocrx_word' id='word_1_93' title='bbox 291 1600 675 1652; x_wconf 81' lang='lat' dir='ltr'><strong>Programmatarius</strong></span> <span class='ocrx_word' id='word_1_94' title='bbox 716 1601 886 1641; x_wconf 91' lang='lat' dir='ltr'><strong>Putbius</strong></span> <span class='ocrx_word' id='word_1_95' title='bbox 901 1600 932 1654; x_wconf 82' lang='lat'><strong>³)</strong></span> <span class='ocrx_word' id='word_1_96' title='bbox 982 1606 1188 1653; x_wconf 85' lang='lat' dir='ltr'><strong>postquam</strong></span> <span class='ocrx_word' id='word_1_97' title='bbox 1230 1601 1333 1641; x_wconf 85' lang='lat' dir='ltr'><strong>dixit</strong></span> <span class='ocrx_word' id='word_1_98' title='bbox 1373 1615 1430 1642; x_wconf 88' lang='lat' dir='ltr'><strong>vs.</strong></span> <span class='ocrx_word' id='word_1_99' title='bbox 1475 1605 1523 1642; x_wconf 82' lang='lat'><strong>19</strong></span> 
     </span>
     <span class='ocr_line' id='line_1_18' title="bbox 237 1679 1525 1730; baseline 0.002 -12"><span class='ocrx_word' id='word_1_100' title='bbox 237 1679 409 1719; x_wconf 86' lang='lat' dir='ltr'><strong>maxima</strong></span> <span class='ocrx_word' id='word_1_101' title='bbox 436 1681 619 1719; x_wconf 87' lang='lat' dir='ltr'><strong>laborare</strong></span> <span class='ocrx_word' id='word_1_102' title='bbox 646 1680 906 1729; x_wconf 83' lang='lat' dir='ltr'><strong>obscuritate,</strong></span> <span class='ocrx_word' id='word_1_103' title='bbox 943 1684 1076 1730; x_wconf 86' lang='lat' dir='ltr'><strong>rogat,</strong></span> <span class='ocrx_word' id='word_1_104' title='bbox 1108 1684 1241 1719; x_wconf 87' lang='lat' dir='ltr'><strong>utrum</strong></span> <span class='ocrx_word' id='word_1_105' title='bbox 1271 1680 1525 1720; x_wconf 90' lang='lat' dir='ltr'><strong>statuendum</strong></span> 
     </span>
     <span class='ocr_line' id='line_1_19' title="bbox 236 1756 1524 1808; baseline 0.002 -13"><span class='ocrx_word' id='word_1_106' title='bbox 236 1756 308 1805; x_wconf 92' lang='lat' dir='ltr'><strong>sit,</strong></span> <span class='ocrx_word' id='word_1_107' title='bbox 349 1761 504 1808; x_wconf 87' lang='lat' dir='ltr'><strong>poetam</strong></span> <span class='ocrx_word' id='word_1_108' title='bbox 532 1757 574 1796; x_wconf 93' lang='lat' dir='ltr'><strong>in</strong></span> <span class='ocrx_word' id='word_1_109' title='bbox 602 1757 766 1797; x_wconf 91' lang='lat' dir='ltr'><strong>dubium</strong></span> <span class='ocrx_word' id='word_1_110' title='bbox 797 1769 938 1796; x_wconf 87' lang='lat' dir='ltr'><strong>vocare</strong></span> <span class='ocrx_word' id='word_1_111' title='bbox 967 1757 1138 1796; x_wconf 88' lang='lat' dir='ltr'><strong>voluisse</strong></span> <span class='ocrx_word' id='word_1_112' title='bbox 1161 1769 1264 1807; x_wconf 89' lang='lat' dir='ltr'><strong>quae</strong></span> <span class='ocrx_word' id='word_1_113' title='bbox 1290 1757 1524 1797; x_wconf 89' lang='lat' dir='ltr'><strong>fabulantur</strong></span> 
     </span>
     <span class='ocr_line' id='line_1_20' title="bbox 237 1834 1524 1886; baseline 0.002 -12"><span class='ocrx_word' id='word_1_114' title='bbox 237 1839 375 1886; x_wconf 88' lang='lat' dir='ltr'><strong>poetae</strong></span> <span class='ocrx_word' id='word_1_115' title='bbox 404 1835 453 1875; x_wconf 90' lang='lat' dir='ltr'><strong>de</strong></span> <span class='ocrx_word' id='word_1_116' title='bbox 481 1835 609 1875; x_wconf 88' lang='lat' dir='ltr'><strong>scrofa</strong></span> <span class='ocrx_word' id='word_1_117' title='bbox 638 1836 748 1885; x_wconf 86' lang='lat' dir='ltr'><strong>alba,</strong></span> <span class='ocrx_word' id='word_1_118' title='bbox 779 1848 830 1875; x_wconf 90' lang='lat' dir='ltr'><strong>an</strong></span> <span class='ocrx_word' id='word_1_119' title='bbox 859 1834 1096 1875; x_wconf 89' lang='lat' dir='ltr'><strong>credendum</strong></span> <span class='ocrx_word' id='word_1_120' title='bbox 1124 1847 1213 1874; x_wconf 92' lang='lat' dir='ltr'><strong>eum</strong></span> <span class='ocrx_word' id='word_1_121' title='bbox 1242 1834 1283 1874; x_wconf 92' lang='lat' dir='ltr'><strong>id</strong></span> <span class='ocrx_word' id='word_1_122' title='bbox 1303 1835 1452 1886; x_wconf 88' lang='lat' dir='ltr'><strong>egisse,</strong></span> <span class='ocrx_word' id='word_1_123' title='bbox 1480 1841 1524 1876; x_wconf 87' lang='lat' dir='ltr'><strong>ut</strong></span> 
     </span>
     <span class='ocr_line' id='line_1_21' title="bbox 237 1913 1525 1965; baseline 0 -12"><span class='ocrx_word' id='word_1_124' title='bbox 237 1917 394 1965; x_wconf 85' lang='lat' dir='ltr'><strong>poetae,</strong></span> <span class='ocrx_word' id='word_1_125' title='bbox 424 1925 542 1965; x_wconf 89' lang='lat' dir='ltr'><strong>quem</strong></span> <span class='ocrx_word' id='word_1_126' title='bbox 570 1913 767 1961; x_wconf 90' lang='lat' dir='ltr'><strong>derideat,</strong></span> <span class='ocrx_word' id='word_1_127' title='bbox 798 1913 1102 1965; x_wconf 87' lang='lat' dir='ltr'><strong>imprudentiam</strong></span> <span class='ocrx_word' id='word_1_128' title='bbox 1130 1913 1336 1952; x_wconf 89' lang='lat' dir='ltr'><strong>denotaret</strong></span> <span class='ocrx_word' id='word_1_129' title='bbox 1365 1918 1404 1953; x_wconf 90' lang='lat' dir='ltr'><strong>et</strong></span> <span class='ocrx_word' id='word_1_130' title='bbox 1428 1915 1525 1953; x_wconf 88' lang='lat' dir='ltr'><strong>stul-</strong></span> 
     </span>
     <span class='ocr_line' id='line_1_22' title="bbox 237 1991 1524 2043; baseline 0.002 -13"><span class='ocrx_word' id='word_1_131' title='bbox 237 1991 387 2042; x_wconf 84' lang='lat' dir='ltr'><strong>titiam,</strong></span> <span class='ocrx_word' id='word_1_132' title='bbox 441 1991 651 2031; x_wconf 90' lang='lat' dir='ltr'><strong>scribentis</strong></span> <span class='ocrx_word' id='word_1_133' title='bbox 706 1996 769 2043; x_wconf 90' lang='lat' dir='ltr'><strong>„et</strong></span> <span class='ocrx_word' id='word_1_134' title='bbox 810 2003 1013 2043; x_wconf 89' lang='lat' dir='ltr'><strong>nunquam</strong></span> <span class='ocrx_word' id='word_1_135' title='bbox 1055 1991 1176 2031; x_wconf 89' lang='lat' dir='ltr'><strong>visis’&#39;</strong></span> <span class='ocrx_word' id='word_1_136' title='bbox 1220 2003 1309 2031; x_wconf 87' lang='lat' dir='ltr'><strong>cum</strong></span> <span class='ocrx_word' id='word_1_137' title='bbox 1351 1992 1524 2032; x_wconf 89' lang='lat' dir='ltr'><strong>scribere</strong></span> 
     </span>
     <span class='ocr_line' id='line_1_23' title="bbox 237 2068 1013 2121; baseline 0.001 -13"><span class='ocrx_word' id='word_1_138' title='bbox 237 2068 397 2109; x_wconf 89' lang='lat' dir='ltr'><strong>deberet</strong></span> <span class='ocrx_word' id='word_1_139' title='bbox 427 2074 490 2120; x_wconf 87' lang='lat' dir='ltr'><strong>„et</strong></span> <span class='ocrx_word' id='word_1_140' title='bbox 519 2081 720 2121; x_wconf 88' lang='lat' dir='ltr'><strong>nunquam</strong></span> <span class='ocrx_word' id='word_1_141' title='bbox 751 2070 851 2109; x_wconf 87' lang='lat' dir='ltr'><strong>alias</strong></span> <span class='ocrx_word' id='word_1_142' title='bbox 879 2069 1013 2109; x_wconf 89' lang='lat' dir='ltr'><strong>visis.&#39;&#39;</strong></span> 
     </span>
    </p>

    <p class='ocr_par' dir='ltr' id='par_1_7' title="bbox 237 2147 1525 2279">
     <span class='ocr_line' id='line_1_24' title="bbox 293 2147 1524 2188; baseline -0.001 0"><span class='ocrx_word' id='word_1_143' title='bbox 293 2147 357 2188; x_wconf 89' lang='lat' dir='ltr'><strong>De</strong></span> <span class='ocrx_word' id='word_1_144' title='bbox 397 2148 571 2188; x_wconf 89' lang='lat' dir='ltr'><strong>tenebris</strong></span> <span class='ocrx_word' id='word_1_145' title='bbox 612 2148 711 2188; x_wconf 91' lang='lat' dir='ltr'><strong>nihil</strong></span> <span class='ocrx_word' id='word_1_146' title='bbox 754 2148 870 2188; x_wconf 89' lang='lat' dir='ltr'><strong>sensi.</strong></span> <span class='ocrx_word' id='word_1_147' title='bbox 928 2147 1051 2188; x_wconf 89' lang='lat' dir='ltr'><strong>Poeta</strong></span> <span class='ocrx_word' id='word_1_148' title='bbox 1094 2160 1312 2188; x_wconf 90' lang='lat' dir='ltr'><strong>memorans</strong></span> <span class='ocrx_word' id='word_1_149' title='bbox 1356 2148 1524 2188; x_wconf 89' lang='lat' dir='ltr'><strong>scrofam</strong></span> 
     </span>
     <span class='ocr_line' id='line_1_25' title="bbox 237 2226 1525 2279; baseline 0.001 -14"><span class='ocrx_word' id='word_1_150' title='bbox 237 2226 384 2267; x_wconf 89' lang='lat' dir='ltr'><strong>claram</strong></span> <span class='ocrx_word' id='word_1_151' title='bbox 422 2227 546 2267; x_wconf 90' lang='lat' dir='ltr'><strong>fuisse</strong></span> <span class='ocrx_word' id='word_1_152' title='bbox 583 2227 750 2279; x_wconf 87' lang='lat' dir='ltr'><strong>triginta</strong></span> <span class='ocrx_word' id='word_1_153' title='bbox 778 2226 964 2266; x_wconf 91' lang='lat' dir='ltr'><strong>mamillis</strong></span> <span class='ocrx_word' id='word_1_154' title='bbox 994 2238 1094 2278; x_wconf 88' lang='lat' dir='ltr'><strong>quas</strong></span> <span class='ocrx_word' id='word_1_155' title='bbox 1122 2239 1235 2266; x_wconf 89' lang='lat' dir='ltr'><strong>nemo</strong></span> <span class='ocrx_word' id='word_1_156' title='bbox 1264 2238 1440 2278; x_wconf 88' lang='lat' dir='ltr'><strong>unquam</strong></span> <span class='ocrx_word' id='word_1_157' title='bbox 1470 2228 1525 2266; x_wconf 89' lang='lat' dir='ltr'><strong>vi-</strong></span> 
     </span>
    </p>
   </div>
   <div class='ocr_carea' id='block_1_6' title="bbox 282 2382 1076 2543">
    <p class='ocr_par' dir='ltr' id='par_1_8' title="bbox 282 2382 1076 2543">
     <span class='ocr_line' id='line_1_26' title="bbox 284 2382 886 2425; baseline -0.002 -11"><span class='ocrx_word' id='word_1_158' title='bbox 284 2383 308 2422; x_wconf 88' lang='lat'><strong>¹)</strong></span> <span class='ocrx_word' id='word_1_159' title='bbox 333 2382 432 2414; x_wconf 88' lang='lat' dir='ltr'><strong>Prell.</strong></span> <span class='ocrx_word' id='word_1_160' title='bbox 457 2383 552 2415; x_wconf 71' lang='lat' dir='ltr'><strong>Rom.</strong></span> <span class='ocrx_word' id='word_1_161' title='bbox 578 2383 686 2425; x_wconf 80' lang='lat' dir='ltr'><strong>Myth.</strong></span> <span class='ocrx_word' id='word_1_162' title='bbox 713 2393 786 2425; x_wconf 76' lang='lat' dir='ltr'><strong>pag.</strong></span> <span class='ocrx_word' id='word_1_163' title='bbox 811 2383 886 2414; x_wconf 86' lang='lat'>519.</span> 
     </span>
     <span class='ocr_line' id='line_1_27' title="bbox 282 2440 1028 2485; baseline -0.003 -11"><span class='ocrx_word' id='word_1_164' title='bbox 282 2441 310 2483; x_wconf 79' lang='lat'><strong>²)</strong></span> <span class='ocrx_word' id='word_1_165' title='bbox 335 2442 461 2474; x_wconf 89' lang='lat' dir='ltr'><strong>Mnem.</strong></span> <span class='ocrx_word' id='word_1_166' title='bbox 486 2442 582 2474; x_wconf 85' lang='lat' dir='ltr'><strong>Nova</strong></span> <span class='ocrx_word' id='word_1_167' title='bbox 607 2442 707 2474; x_wconf 85' lang='lat' dir='ltr'><strong>series</strong></span> <span class='ocrx_word' id='word_1_168' title='bbox 732 2441 748 2474; x_wconf 95' lang='lat' dir='ltr'>I</span> <span class='ocrx_word' id='word_1_169' title='bbox 773 2452 847 2485; x_wconf 74' lang='lat' dir='ltr'><strong>pag.</strong></span> <span class='ocrx_word' id='word_1_170' title='bbox 871 2440 935 2473; x_wconf 84' lang='lat'><strong>407</strong></span> <span class='ocrx_word' id='word_1_171' title='bbox 960 2452 1028 2484; x_wconf 86' lang='lat' dir='ltr'><strong>sqq.</strong></span> 
     </span>
     <span class='ocr_line' id='line_1_28' title="bbox 283 2499 1076 2543; baseline -0.001 -11"><span class='ocrx_word' id='word_1_172' title='bbox 283 2500 311 2542; x_wconf 82' lang='lat'><strong>3)</strong></span> <span class='ocrx_word' id='word_1_173' title='bbox 336 2501 451 2543; x_wconf 83' lang='lat' dir='ltr'><strong>Progr.</strong></span> <span class='ocrx_word' id='word_1_174' title='bbox 476 2502 536 2534; x_wconf 72' lang='grc' dir='ltr'><strong>ΝΟ.</strong></span> <span class='ocrx_word' id='word_1_175' title='bbox 563 2503 634 2533; x_wconf 83' lang='lat'>104.</span> <span class='ocrx_word' id='word_1_176' title='bbox 660 2501 792 2533; x_wconf 85' lang='lat' dir='ltr'><strong>Putbus</strong></span> <span class='ocrx_word' id='word_1_177' title='bbox 817 2499 901 2532; x_wconf 82' lang='lat'>1877</span> <span class='ocrx_word' id='word_1_178' title='bbox 926 2511 1000 2543; x_wconf 82' lang='lat' dir='ltr'><strong>pag.</strong></span> <span class='ocrx_word' id='word_1_179' title='bbox 1026 2502 1076 2532; x_wconf 82' lang='lat'><strong>19.</strong></span> 
     </span>
    </p>
   </div>
   <div class='ocr_carea' id='block_1_7' title="bbox 301 2331 410 2335">
    <p class='ocr_par' dir='ltr' id='par_1_9' title="bbox 301 2331 410 2335">
     <span class='ocr_line' id='line_1_29' title="bbox 301 2331 410 2335; baseline 0 0"><span class='ocrx_word' id='word_1_180' title='bbox 301 2331 410 2335; x_wconf 95' lang='lat' dir='ltr'><strong> </strong></span> 
     </span>
    </p>
   </div>
  </div>
 </body>
</html>
