1816 2954
871 169 914 201 27

313 274 430 328 (anne
458 273 568 315 aliud
595 278 691 315 tunc
719 272 935 326 praefecti?
964 285 1131 324 quorum
1161 272 1333 324 optimus
1360 269 1495 324 atque)

304 353 498 406 interpres
526 354 659 405 legum
687 352 978 398 sanctissimae,
1010 351 1141 392 omnia
1167 362 1394 403 quanquam

304 434 546 485 temporibus
573 433 671 473 diris
700 432 907 473 tractanda
935 432 1100 485 putabat
1130 431 1270 472 inermi

304 511 468 552 iustitia.

304 638 426 679 Facio
463 650 552 678 cum
593 637 823 679 Heinrichio
839 637 866 692 ¹)
908 637 1129 678 Ribbeckio
1166 637 1256 677 aliis
1296 649 1450 677 versum
1487 639 1535 676 78

249 710 538 757 damnantibus.
569 716 767 757 Debilitat
795 718 899 757 enim
928 716 1009 756 vim
1032 717 1250 756 sententiae
1265 715 1535 769 praecedentis

249 800 288 835 et
342 794 483 835 duram
534 795 653 835 efficit
694 795 912 835 sententiae
955 795 1146 835 relativae
1189 795 1532 835 constructionem.

250 873 417 926 Insuper
459 873 567 914 notio
609 874 816 926 probitatis
857 886 960 926 quae
997 873 1246 923 significatur
1284 886 1378 914 voce
1414 873 1536 925 „opti-

249 950 360 992 mus”
403 951 482 991 iam
519 951 621 991 inest
639 935 642 937 ’
660 952 778 991 verbo
816 951 921 1003 quod
949 957 1008 991 est
1039 950 1372 1003 „sanctissimus”
1429 951 1535 992 Tum

249 1030 370 1070 verba
409 1030 627 1082 „interpres
663 1029 957 1071 sanctissimus'’
996 1034 1087 1082 apte
1125 1030 1362 1082 respondent
1403 1031 1536 1070 verbis

250 1108 414 1159 „inermi
453 1107 629 1148 iustitia''
667 1107 973 1161 (animadvertas
1003 1108 1122 1148 velim
1146 1113 1302 1160 poetam
1330 1109 1534 1161 scripsisse

252 1185 553 1239 „interpretem”
592 1199 669 1227 non
710 1186 953 1237 „vindicem”
984 1185 1133 1240 legum)
1166 1187 1272 1238 quod
1301 1187 1420 1227 etiam
1449 1200 1535 1239 pro-

249 1244 367 1305 ba⁸tur
396 1266 603 1305 verborum
633 1265 803 1317 positus,
834 1278 923 1305 nam
951 1278 975 1305 a
1004 1270 1120 1317 poeta
1150 1266 1270 1305 verba
1297 1266 1456 1318 saepius
1478 1266 1536 1306 ita

249 1343 543 1384 distribuuntur
580 1348 624 1384 ut
651 1344 912 1384 membrorum
940 1356 1042 1395 quae
1070 1344 1147 1384 sibi
1176 1344 1413 1396 respondent
1441 1345 1535 1384 alte-

248 1435 335 1462 rum
388 1422 530 1474 prioris
582 1435 718 1462 versus
770 1423 938 1475 primum
988 1423 1118 1463 locum
1160 1428 1310 1473 teneat,
1365 1424 1534 1464 alterum

246 1501 447 1552 sequentis
476 1500 674 1540 ultimum.
704 1499 850 1540 Confer
878 1499 960 1540 Sat.
991 1500 1011 1539 I
1044 1501 1118 1540 151
1144 1512 1247 1552 sqq.:

1019 1607 1123 1647 unde
1150 1608 1223 1647 illa
1250 1608 1425 1659 priorum

382 1685 579 1726 scribendi
607 1684 882 1738 quodcumque
910 1685 1041 1725 animo
1069 1684 1264 1737 flagrante
1293 1686 1435 1726 liberet

380 1763 639 1816 simplicitas?
668 1762 794 1803 Cuius
822 1775 899 1803 non
929 1763 1054 1802 audeo
1083 1763 1214 1803 dicere
1243 1765 1414 1803 nomen?

225 1912 228 1914 ψ
248 1891 316 1931 ubi
347 1890 592 1941 „scribendi”
624 1891 835 1943 opponitur
864 1891 1054 1931 locutioni
1085 1891 1239 1941 „dicere
1264 1892 1430 1931 nomen'’
1457 1893 1483 1932 i.
1500 1906 1532 1933 e.

248 1969 403 2009 nomine
430 1969 580 2019 dicere,
610 1973 655 2009 ut
682 1968 816 2009 docuit
846 1967 1176 2009 Hackermannus
1188 1967 1233 2022 ²).
1263 1969 1432 2022 Insuper
1446 1983 1534 2011 con-

247 2048 306 2088 fer
334 2046 416 2088 Sat.
447 2046 486 2087 V
517 2049 614 2097 161,
645 2046 706 2086 VI
734 2049 805 2096 97,
835 2047 886 2086 53
916 2050 954 2086 et
982 2047 1046 2086 54.

302 2125 477 2178 Egregie
501 2130 633 2166 autem
656 2125 810 2166 fallitur
830 2119 1076 2166 Ribbeckius
1088 2124 1119 2178 3)
1137 2129 1282 2178 putans
1297 2126 1534 2179 particulam

250 2203 525 2257 „quanquam”
556 2216 640 2243 esse
668 2203 1001 2251 coniunctionem,
1037 2215 1116 2243 non
1141 2203 1393 2255 adverbium,
1428 2206 1534 2257 quod

294 2360 322 2402 ¹)
345 2360 367 2392 l.
389 2360 409 2392 l.
437 2370 513 2404 pag.
538 2361 611 2392 184.

293 2418 320 2463 ²)
344 2419 665 2459 Hfickermann,
697 2418 795 2468 Prog.
821 2418 924 2459 1877,
948 2429 1023 2462 pag.
1046 2420 1099 2452 32.

293 2477 322 2519 ³)
346 2478 417 2510 Der
440 2478 547 2510 Eehte
571 2481 634 2509 etc.
660 2489 733 2521 pag.
755 2479 828 2510 123.
