1816 2954
848 187 888 220 11

291 289 458 341 „Falso”
514 288 590 336 (vs.
646 289 713 343 67)
767 289 981 331 secundum
1030 289 1188 341 regulas
1233 289 1511 341 grammaticae

235 368 345 408 nullo
387 367 500 408 modo
543 368 734 420 explicari
775 372 922 420 potest,
956 368 1040 408 sive
1076 367 1244 408 habetur
1279 367 1510 408 adverbium

233 446 318 486 sive
367 444 545 486 dativum
597 446 680 486 sive
723 445 942 487 ablativum
983 449 1028 486 ut
1067 445 1120 486 sit
1160 458 1230 498 pro
1269 445 1335 497 „in
1370 444 1507 493 falso''‚

233 524 337 576 quod
365 523 491 564 voluit
519 522 714 564 Weberus
743 524 828 564 iure
856 536 903 564 ea
928 524 978 564 de
1005 536 1047 564 re
1070 523 1329 577 reprehensus
1352 536 1376 563 a
1400 522 1509 563 Mad-

234 603 342 654 vigio
356 602 400 650 ¹).
431 601 600 654 Quoquo
627 607 665 642 te
693 602 836 653 vertis,
870 602 1120 643 difficultates
1147 607 1187 643 te
1214 606 1407 655 premunt.

288 680 426 731 Neque
468 679 685 731 Rupertius
726 685 784 719 est
819 679 1038 720 audiendus
1077 680 1223 730 „falso”
1257 680 1449 720 divellens
1485 693 1509 719 a

236 757 458 809 „signator”
496 762 535 797 et
573 757 815 808 coniungens
854 770 942 798 cum
968 758 1162 798 sententia
1188 757 1375 808 relativa,
1404 757 1508 809 quod

233 835 290 875 ita
327 835 388 876 vis
424 835 633 876 verborum
672 847 774 887 quae
810 839 902 876 sunt
947 835 1128 888 „exiguis
1167 835 1349 876 tabellis''
1392 836 1508 888 plane

234 913 387 954 tollitur
416 918 462 954 ut
489 917 595 953 recte
621 913 774 953 monuit
803 913 1039 953 Weidnerus
1049 912 1095 966 2).

286 991 377 1043 Ipse
418 991 647 1043 Madvigius
692 990 904 1042 legendum
947 991 1102 1043 putavit
1147 991 1327 1042 „signato
1368 991 1505 1041 fals0''‚

232 1069 337 1122 quod
378 1070 490 1110 salva
532 1069 607 1109 viri
649 1069 856 1109 clarissimi
893 1073 932 1109 et
955 1068 1170 1109 doctissimi
1197 1069 1418 1109 reverentia
1444 1068 1507 1109 de-

233 1148 392 1188 fendere
427 1160 506 1188 non
544 1147 669 1188 ausim
702 1147 797 1199 quia
822 1146 1083 1187 intolerabilis
1110 1146 1202 1187 inde
1229 1147 1356 1188 oritur
1381 1151 1507 1188 tauto-

232 1226 351 1278 logia.

287 1303 484 1356 Equidem
526 1303 711 1344 mendum
753 1308 848 1356 puto
885 1303 1013 1343 iacere
1048 1303 1090 1342 in
1127 1315 1264 1344 versus
1294 1303 1508 1356 superioris

233 1382 372 1422 ultima
416 1395 511 1422 voce
546 1394 646 1434 quae
682 1387 741 1422 est
772 1381 973 1434 „supino”
1016 1380 1245 1422 Genuinum
1272 1381 1508 1422 vocabulum

233 1460 347 1501 cuius
374 1461 595 1500 litterarum
622 1460 764 1500 ductus
791 1460 938 1500 fuerint
963 1460 1226 1510 obscuriores,
1256 1459 1349 1500 inde
1361 1459 1509 1500 iniuria

233 1540 400 1580 relatum
437 1538 487 1579 ad
531 1538 819 1590 „Maecenate’'‚
850 1538 971 1579 fuisse
998 1538 1095 1579 mihi
1122 1538 1279 1579 videtur
1310 1538 1504 1591 „sigillo”

233 1616 440 1657 Maecenas
481 1617 538 1656 ita
573 1616 731 1668 quidem
773 1616 944 1657 nudatur
985 1617 1055 1657 illo
1093 1617 1286 1669 epitheto⁷
1316 1617 1384 1657 sed
1411 1622 1507 1669 puto

232 1706 321 1734 eum
350 1707 427 1734 non
455 1694 552 1734 adeo
580 1694 702 1734 fuisse
730 1694 915 1746 cupidum
943 1693 1028 1734 eius
1056 1699 1101 1734 ut
1129 1707 1207 1735 non
1234 1699 1350 1746 grato
1377 1695 1508 1735 animo

232 1785 275 1813 se
310 1785 356 1813 eo
393 1772 544 1826 privari
571 1784 761 1825 passurus
789 1772 919 1813 fuerit.
950 1771 1124 1825 Insuper
1144 1785 1223 1813 non
1250 1785 1349 1825 opus
1376 1777 1436 1813 est
1463 1777 1508 1814 ut

233 1851 326 1891 talis
363 1851 470 1890 notio
498 1850 678 1890 addatur.
708 1850 812 1890 Nam
849 1862 898 1890 ex
935 1850 985 1890 iis
1020 1862 1121 1902 quae
1157 1856 1273 1902 poeta
1299 1850 1378 1890 iam
1406 1851 1509 1891 dixit

231 1929 280 1970 de
315 1933 448 1970 nostro
476 1928 637 1970 falsario
664 1928 761 1970 satis
788 1940 982 1982 superque
1009 1932 1172 1982 apparet
1198 1928 1314 1970 illum
1340 1929 1508 1970 multum

234 2008 379 2048 referre
419 2007 467 2047 de
518 2007 746 2047 Maecenate
792 2007 876 2046 viro
929 2006 1102 2047 luxuriei
1148 2006 1281 2047 dedito
1326 2019 1405 2047 non
1460 2007 1509 2047 de

235 2085 346 2137 „viro
382 2086 452 2126 ubi
488 2098 550 2126 res
582 2085 762 2138 vigiliam
799 2085 995 2137 exigeret,
1029 2097 1123 2126 sane
1151 2084 1352 2126 exsomni''
1370 2084 1416 2139 ³).
1445 2084 1507 2126 Of.

233 2162 349 2203 Mart.
396 2162 437 2202 X
487 2165 548 2203 73.
604 2163 814 2203 Praeterea
850 2163 935 2203 eius
971 2163 1132 2203 luxuria
1167 2163 1372 2203 notissima
1411 2167 1508 2203 erat.

279 2375 305 2416 ¹)
328 2375 462 2407 Madv.
488 2374 590 2418 Opus.
616 2375 719 2407 Acad.
743 2375 761 2407 I
784 2385 857 2419 pag.
883 2377 935 2407 40.

275 2432 304 2475 2)
328 2432 492 2466 Weidn.
515 2433 588 2468 qur.
613 2433 741 2466 Satirae
763 2444 837 2477 pag.
861 2435 913 2467 39.

276 2491 303 2533 ³)
326 2491 412 2524 Vell.
437 2491 510 2525 Pat.
535 2491 573 2524 H
597 2491 677 2536 Cap.
701 2493 753 2525 88.
