1816 2954
870 209 912 241 70

241 312 408 353 dubium
458 312 632 365 positum
679 325 764 353 esse
802 312 939 362 eredo,
979 312 1144 353 verbum
1184 312 1291 365 quod
1316 317 1375 353 est
1406 312 1534 364 „alio”

243 390 472 431 mendosum
510 402 606 431 esse.
665 390 801 431 Verba
840 390 1125 443 „quoeunque”
1164 395 1204 431 et
1249 390 1377 442 „alio”
1422 391 1536 442 iungi

242 482 320 510 non
349 475 524 522 possunt.
557 469 649 519 Qua
677 482 773 510 voee
801 476 998 511 summota
1022 476 1247 523 exspectes:
1277 483 1537 523 „quoeunque

240 548 289 588 de
318 549 514 600 sanguine
542 549 643 589 eivis
671 549 825 601 patriae
849 549 1085 601 contingit.''
1116 548 1218 590 Cum
1235 549 1389 590 codices
1403 553 1536 590 autem

240 641 393 668 summo
430 640 624 668 consensu
662 628 822 668 tradant
859 628 1108 679 „contingis”
1155 628 1246 681 (etsi
1274 629 1397 668 verba
1434 641 1537 680 quae

240 711 335 745 sunt
376 718 470 756 „seu
506 710 549 746 tu
580 704 780 750 Silanus'',
822 706 924 746 male
952 706 1155 746 intellecta
1182 711 1221 746 et
1246 694 1300 746 ⁴ad
1329 706 1537 758 sequentia

241 785 387 833 relata,
435 796 555 836 quam
598 785 716 824 facile
758 785 923 824 librario
966 785 1168 837 potuerint
1196 784 1452 837 persuadere,
1492 788 1536 824 ut

245 862 493 914 „contingit”
532 874 622 902 oum
654 863 903 915 „contingis”
934 863 1167 903 mutandum
1196 868 1391 913 censeret,
1422 874 1536 903 nemo

241 954 320 981 non
349 940 474 993 videt)
507 941 605 981 haee
633 941 751 981 leetio
779 942 987 981 retinenda
1014 946 1085 982 est.

294 1018 440 1071 Itaque
469 1019 723 1059 statuendum
754 1024 814 1059 est
842 1025 997 1072 poetam
1026 1032 1068 1060 se
1093 1019 1333 1060 convertisse
1357 1018 1407 1059 ad
1422 1019 1535 1059 illum

244 1098 495 1150 „procerem”
549 1099 671 1158 menti
722 1112 817 1139 suae
860 1099 991 1139 adhue
1034 1100 1327 1148 obversantem,
1372 1099 1537 1151 eiusque

242 1178 476 1229 imaginem,
508 1190 627 1228 quam
657 1178 734 1218 sibi
763 1179 901 1230 fingit,
929 1192 1083 1219 summa
1107 1180 1329 1219 reverentia
1352 1184 1391 1218 et
1406 1191 1537 1219 amore

241 1257 449 1297 salutasse.
482 1256 584 1297 Cum
613 1262 745 1297 autem
773 1257 1021 1308 „contingis”
1038 1258 1088 1297 ad
1103 1257 1315 1298 secundam
1330 1270 1537 1309 personam

242 1334 457 1387 pertineat,
498 1346 667 1386 eumque
707 1335 865 1375 affectui
907 1340 1045 1387 poetae
1081 1335 1286 1388 aptissima
1315 1335 1366 1375 sit
1394 1335 1537 1375 iterata

241 1413 499 1464 apostrophe,
540 1426 679 1452 censeo
719 1427 789 1464 pro
831 1413 960 1463 „alio”
1000 1414 1212 1464 legendum
1250 1426 1335 1453 esse
1376 1427 1423 1463 „o
1451 1414 1533 1453 tu.''

239 1490 470 1531 Interieetio
500 1491 572 1531 illa
601 1491 642 1530 in
673 1491 850 1531 oratione
881 1490 1017 1531 vivida
1031 1495 1069 1531 et
1085 1491 1299 1541 concitata,
1323 1496 1367 1532 ut
1382 1495 1534 1541 notum,

238 1576 297 1610 est
327 1571 599 1610 usitatissima.

296 1648 331 1688 E
365 1649 498 1689 verbis
529 1662 576 1700 „o
605 1648 688 1694 tu”,
721 1661 824 1699 quae
853 1649 959 1689 lectu
988 1649 1136 1689 fuerint
1160 1649 1401 1699 difficiliora,
1419 1649 1537 1689 libra—

239 1729 325 1768 rius
367 1728 576 1780 imperitus
620 1729 823 1779 verbaque
866 1740 956 1768 cum
999 1728 1327 1780 praecedentibus
1368 1729 1537 1780 iungens

238 1807 358 1846 facile
386 1812 551 1859 pravam
582 1807 692 1846 illam
725 1806 933 1846 lectionem
962 1819 1101 1846 eruere
1129 1808 1268 1859 potuit.

294 1885 342 1925 E.
374 1884 424 1926 Gr.
457 1885 654 1926 Weberus
675 1885 702 1938 ¹)
745 1886 807 1925 vir
836 1885 1089 1926 doctissimus
1117 1886 1165 1925 de
1199 1886 1273 1926 hoo
1301 1886 1387 1927 loco
1417 1886 1537 1926 verba

239 1964 390 2004 faciens
419 1976 508 2004 eum
538 1964 596 2004 sio
625 1965 822 2015 explicat:
852 1965 987 2014 „salve
1004 1963 1214 2004 Gaetulice
1230 1977 1300 2005 seu
1315 1970 1359 2005 tu
1376 1964 1537 2005 Silanus

1054 2044 1061 2060 7

244 2042 314 2096 (et)
356 2056 594 2095 quoeunque
631 2044 711 2084 alio
748 2044 796 2084 de
826 2044 1046 2095 sanguine.'
1107 2044 1224 2084 Dura
1250 2050 1310 2085 est
1338 2028 1534 2085 iunctura.

242 2121 412 2173 Insuper
450 2122 512 2161 vis
550 2122 768 2161 sententiae
803 2122 1049 2162 debilitatur.
1095 2121 1189 2163 Post
1220 2124 1341 2163 verba
1371 2136 1465 2174 „seu
1493 2128 1537 2163 tu

244 2200 431 2240 Silanus''
463 2214 579 2241 voees
611 2214 874 2253 „quoeunque
904 2202 983 2241 alio
1013 2202 1062 2241 de
1090 2202 1309 2253 sanguine”
1340 2202 1425 2242 sine
1454 2203 1538 2242 ulla

240 2280 280 2319 vi
323 2280 513 2331 languide
551 2285 855 2333 postponuntur.
897 2280 999 2321 Nam
1030 2281 1070 2321 in
1100 2294 1179 2333 quo
1208 2281 1383 2322 exsultat
1411 2294 1537 2322 sermo

241 2364 384 2411 poetae
422 2364 482 2398 est
522 2359 616 2399 hoe:
651 2360 858 2410 „quisquis
886 2373 947 2408 es,
978 2372 1216 2411 quoeunque
1244 2360 1293 2399 de
1321 2360 1535 2411 sanguine,

285 2526 311 2567 ¹)
343 2525 381 2557 E.
407 2524 450 2557 G.
475 2524 611 2557 Weber.
639 2525 710 2557 Iuv.
736 2525 804 2557 Sat.
829 2536 904 2569 pag.
930 2527 994 2557 289
1019 2537 1088 2569 sqq.
