1816 2954
864 194 904 228 41

244 302 442 343 differunt.
483 300 599 350 Quod
636 300 693 340 ita
730 300 980 353 perspicuum
1009 305 1087 348 est,
1119 305 1163 340 ut
1192 299 1328 339 eadem
1358 311 1484 351 nuper
1511 311 1535 337 a

246 381 398 421 Kiaero
412 382 441 428 ¹)
484 381 609 420 allata
651 392 734 420 esse
777 380 863 419 iure
891 380 1055 420 mireris.
1097 378 1221 419 Aliud
1260 379 1364 418 enim
1402 382 1462 417 est
1499 376 1533 416 si

245 458 373 498 dicas:
415 457 543 508 „Vos,
575 456 773 509 Calliope,
805 458 1042 509 adspirate'⁷,
1073 458 1205 497 aliud:
1249 462 1337 506 „tu‚
1380 456 1533 504 Paean,

244 537 395 588 depone
432 535 620 586 sagittas,
661 541 825 575 matrem
862 535 1049 586 configite
1079 535 1242 587 ipsam.''
1284 535 1394 574 Idem
1432 540 1534 574 esset

244 615 279 654 si
317 618 433 666 poeta
469 613 710 665 scripsisset:
748 614 940 666 „parcite,
982 613 1135 664 Paean,
1176 619 1215 653 et
1253 613 1437 665 deponite
1475 625 1534 652 sa-

245 691 406 744 gittas.’'

298 769 401 811 Cum
429 769 604 811 Graevio
633 770 757 822 igitur
784 770 994 811 statuimus
1025 775 1178 823 poetam
1208 770 1278 810 illo
1304 770 1534 822 pronomine

245 849 477 889 nominatim
505 861 547 889 se
576 850 815 889 convertisse
843 849 892 889 ad
926 849 1119 899 Dianam,
1150 850 1253 889 sicut
1284 848 1405 900 Verg.
1431 848 1531 888 Aen.

245 926 329 967 VII
357 929 406 967 37
436 927 529 967 fecit
556 928 626 967 ubi
655 927 778 967 Erato
806 928 1043 979 alloquitur:
1086 932 1153 977 „tu
1183 932 1333 976 vatem,
1363 932 1407 966 tu
1435 927 1530 977 dea,

247 1005 398 1045 mone.''

751 1127 815 1160 VS.
843 1127 1024 1159 175—177.

326 1239 486 1280 Extulit
514 1252 609 1291 ergo
636 1252 778 1291 greges
807 1244 988 1280 natorum
1018 1240 1225 1292 ipsumque
1254 1245 1476 1292 parentem,

327 1319 421 1359 dum
449 1318 527 1359 sibi
556 1319 726 1359 nobilior
755 1318 931 1359 Latonae
959 1324 1077 1369 gente
1106 1318 1264 1358 videtur

325 1402 445 1449 atque
472 1397 608 1437 eadem
636 1398 765 1437 scrofa
793 1397 921 1437 Niobe
948 1397 1152 1437 fecundior
1180 1398 1283 1437 alba.

298 1518 498 1560 Scholtius
510 1519 540 1573 ²)
571 1519 860 1572 reprehendens
873 1519 1163 1568 Heinriehium,
1180 1520 1250 1571 qui
1265 1520 1424 1572 scripsit
1438 1533 1533 1571 gen-

244 1602 322 1637 tem
360 1598 464 1637 idem
502 1610 587 1637 esse
625 1598 699 1638 hoc
735 1599 821 1638 loco
859 1611 906 1638 ae
942 1599 1111 1650 prolem,
1150 1598 1255 1649 quod
1285 1598 1383 1638 haec
1411 1600 1534 1639 verba

243 1667 405 1729 prorsus
455 1676 657 1727 differant,
711 1676 866 1729 putavit
904 1680 1056 1716 textum
1094 1689 1180 1716 esse
1223 1682 1452 1729 corruptum
1494 1683 1534 1718 et

243 1755 474 1807 legendum:
508 1755 626 1806 „dum
655 1755 732 1795 sibi
760 1755 930 1795 nobilior
957 1755 1113 1795 Latona
1127 1761 1245 1807 gente
1262 1756 1457 1806 videtur”‚
1489 1763 1534 1797 ut

244 1833 321 1874 loci
358 1834 555 1874 sententia
592 1834 689 1879 haec
726 1838 847 1874 esset:
883 1833 976 1873 dum
1004 1833 1081 1873 sibi
1111 1833 1268 1873 videtur
1296 1840 1414 1885 gente
1444 1835 1469 1874 i.
1500 1848 1533 1875 e.

243 1912 398 1963 origine
426 1913 597 1952 nobilior
624 1925 742 1963 quam
771 1911 926 1951 Latona
955 1916 993 1951 et
1021 1912 1226 1951 fecundior
1248 1925 1367 1963 quam
1391 1914 1533 1954 scrofa.

297 1989 576 2031 Heinriehium
617 1991 761 2031 falsum
802 2002 886 2030 esse
922 1995 961 2030 et
999 1990 1116 2030 talem
1155 2003 1313 2031 sensum
1353 1992 1535 2033 versibus

243 2068 371 2108 inesse
399 2069 569 2108 libenter
596 2069 633 2108 ei
661 2068 850 2117 concedo,
882 2068 939 2107 ita
967 2073 1098 2107 tamen
1123 2075 1167 2108 ut
1182 2070 1409 2109 coniectura
1424 2071 1535 2110 locus

244 2159 323 2186 non
350 2159 466 2198 egere
495 2148 593 2187 mihi
622 2147 815 2187 videatur.
846 2145 1084 2187 Coniectura
1113 2147 1217 2186 enim
1246 2148 1391 2188 omissa
1406 2161 1535 2189 nonne

244 2225 376 2264 verbis
403 2225 539 2265 eadem
568 2226 671 2265 inest
700 2223 923 2264 sententia?
967 2223 1096 2264 Niobe
1124 2225 1201 2264 sibi
1230 2225 1402 2265 nobilior
1430 2227 1535 2266 vide-

243 2307 309 2342 tur
349 2316 468 2355 quam
510 2317 608 2356 gens
654 2304 830 2344 Latonae
873 2304 898 2343 i.
928 2316 960 2343 e.
1005 2316 1104 2355 gens
1140 2316 1212 2343 sua
1250 2304 1326 2344 sibi
1366 2305 1537 2345 nobilior

292 2456 319 2496 ¹)
343 2455 396 2487 De
422 2456 524 2487 Serm.
545 2456 616 2488 Iuv.
646 2467 719 2499 pag.
747 2457 818 2487 196.

289 2513 317 2555 ²)
342 2514 363 2545 l.
388 2515 408 2546 l.
438 2525 514 2557 pag.
539 2515 590 2546 52.
