1816 2954
838 215 881 247 28

209 332 250 358 re
280 332 374 359 vera
402 325 481 368 est,
514 324 557 358 ut
588 319 722 370 paullo
750 324 842 358 ante
872 320 913 358 in
943 319 1017 358 hac
1046 318 1183 358 eadem
1206 319 1331 358 satira
1358 331 1413 358 vs.
1432 321 1503 368 60,

207 398 313 449 quod
359 398 487 437 virum
531 397 690 437 doctum
735 397 887 449 fugisse
931 397 1046 437 valde
1086 397 1216 437 miror.
1264 396 1433 449 Insuper
1471 398 1503 437 si

209 476 435 515 coniunctio
461 479 584 523 esset,
612 475 909 515 coniunctivum
937 476 1095 515 modum
1123 475 1371 515 adscisceret.
1403 475 1506 514 Vide

210 552 404 593 Kiaerum
420 553 462 605 ¹).
495 551 660 593 Comma
688 558 776 605 post
807 552 1129 603 „sanctissimus”
1162 553 1380 593 tollendum
1405 558 1476 593 est.

658 963 681 1004 S
712 962 736 1003 A
768 964 794 1003 Τ
826 962 854 1004 U
883 964 912 1003 R
942 963 968 1003 A
1024 963 1062 1004 V.

723 1096 788 1129 vs.
816 1096 997 1128 137—145.

689 1211 889 1252 Dominus
917 1216 1049 1252 tamen
1079 1216 1118 1252 et
1146 1212 1296 1253 domini
1325 1225 1395 1253 rex

318 1292 353 1331 si
382 1292 445 1331 vis
474 1297 517 1331 tu
546 1290 654 1340 fieri,
686 1292 822 1331 nullus
854 1292 928 1331 tibi
959 1293 1147 1344 parvolus
1175 1293 1270 1332 aula

314 1370 455 1411 luserit
484 1369 662 1421 Aeneas,
692 1382 765 1411 nec
793 1370 879 1411 filia
907 1370 1062 1411 dulcior
1092 1370 1181 1420 illo,

313 1448 531 1489 iucundum
558 1453 598 1488 et
626 1461 762 1488 carum
790 1449 939 1488 sterilis
967 1449 1062 1489 facit
1093 1461 1193 1489 uxor
1220 1450 1401 1489 amicum.

312 1527 381 1568 sed
410 1532 480 1567 tua
509 1522 808 1581 nunc'Mygale
839 1527 968 1579 pariat
998 1527 1090 1568 licet
1119 1533 1158 1568 et
1188 1541 1331 1580 pueros
1358 1535 1438 1569 tres

312 1606 353 1645 in
382 1606 578 1657 gremium
609 1606 735 1658 patris
763 1606 904 1645 fundat
933 1606 1074 1655 simul,
1105 1607 1190 1658 ipse
1219 1607 1375 1659 loquaci

312 1685 504 1736 gaudebit
533 1685 646 1733 nido,
678 1685 845 1724 viridem
875 1685 1039 1725 thoraca
1067 1686 1220 1725 iubebit

312 1763 465 1814 afferri,
496 1763 758 1815 minimasque
787 1775 909 1803 nuces
937 1776 1143 1816 assemque
1172 1768 1353 1815 rogatum

312 1842 362 1882 ad
394 1854 567 1882 mensam
595 1842 751 1894 quoties
780 1843 980 1895 parasitus
1009 1842 1162 1882 venerit
1191 1843 1332 1882 infans.

260 1969 328 2010 Vs.
371 1972 448 2010 140
485 1982 574 2010 cum
612 1969 755 2009 Iahnio
792 1969 963 2022 aliisque
997 1969 1207 2010 delendum
1236 1982 1321 2009 esse
1350 1982 1500 2009 censeo.

205 2048 316 2099 Quas
359 2049 409 2089 ob
454 2061 596 2089 causas
639 2048 689 2088 iis
730 2049 946 2098 assentiar,
991 2048 1214 2101 apparebit,
1260 2048 1294 2087 si
1332 2048 1501 2100 primum

204 2127 422 2167 viderimus
450 2127 676 2179 sequentia,
708 2127 904 2179 quomodo
933 2126 1170 2180 explicanda
1197 2127 1288 2167 sint.

257 2205 306 2244 In
358 2205 421 2245 his
462 2205 695 2245 enarrandis
738 2205 978 2245 dissentiunt
1022 2206 1269 2257 interpretes
1323 2204 1501 2244 Primum

202 2284 307 2324 enim
346 2285 469 2324 verba
508 2284 564 2324 ita
592 2284 719 2336 accipi
750 2289 915 2336 possunt
943 2289 988 2324 ut
1014 2284 1177 2338 Mygale
1204 2284 1257 2324 sit
1282 2295 1384 2324 uxor
1408 2296 1501 2335 pau-

202 2363 309 2417 peris
345 2363 513 2404 clientis.
561 2362 668 2404 Huic
711 2363 1028 2416 interpretationi
1058 2367 1103 2403 ut
1131 2363 1239 2403 favet
1268 2361 1500 2403 adverbium

250 2516 276 2556 ¹)
301 2516 323 2547 Ι.
347 2516 367 2546 l.
391 2526 467 2558 pag.
493 2516 545 2546 30.
584 2563 587 2565 ι
