1816 2954
880 208 924 240 60

257 312 375 352 matis
411 312 452 352 in
490 325 538 352 ea
576 313 768 365 reperies,
808 325 898 352 nam
940 312 1125 353 exhausit
1162 313 1318 353 lumbos
1356 316 1575 372 noctumo'

257 396 431 443 tempore
459 404 549 431 cum
578 391 670 431 aliis
699 391 971 431 mulieribus.''
1006 391 1116 431 Haec
1138 391 1308 432 ridicula
1323 396 1362 431 et
1376 390 1550 431 absurda

256 470 531 522 interpretatio
570 469 666 511 mihi
700 469 859 521 quidem
889 469 982 510 inde
1004 474 1092 510 orta
1119 482 1205 510 esse
1234 469 1411 520 videtur,
1442 469 1547 522 quod

257 548 437 599 vulgaris
462 548 660 587 enarratio
694 552 796 587 esset
824 548 977 588 insulsa
1006 553 1045 588 et
1073 553 1190 600 poeta
1216 548 1402 600 indigna,
1433 549 1490 588 ita
1505 553 1549 588 ut

255 627 480 678 graviorem
508 626 743 667 sententiam
772 627 933 667 subesse
962 631 1131 679 putaret.

309 704 549 745 Weidnerus
568 704 596 758 ¹)
640 705 761 745 verba
800 718 903 757 quae
940 705 1182 758 praecedunt
1222 711 1285 756 „et
1323 706 1420 746 luna
1448 711 1549 747 teste

256 783 489 823 moventur’'
533 784 633 823 falso
678 785 829 836 accepit
867 784 916 824 de
954 784 1124 836 pudore,
1152 773 1246 836 'quo
1285 797 1351 824 eos
1378 785 1549 825 afficeret

256 862 373 901 Luna
400 862 531 913 testis3
558 862 663 913 quod
692 862 726 901 si
756 874 893 902 verum
923 868 1045 912 esset,
1078 867 1192 914 poeta
1220 863 1278 902 sic
1306 862 1546 915 scripsisset,

256 941 298 980 ni
335 940 472 980 fallor:
515 945 581 991 „at
619 939 737 980 Luna
774 939 911 988 teste'’‚
952 941 1016 980 vel
1057 940 1198 991 „Luna
1225 940 1381 981 demum
1408 940 1547 981 teste.''

254 1021 466 1060 Praeterea
504 1020 604 1059 tales
642 1019 827 1059 mulieres
865 1018 983 1059 Luna
1017 1024 1117 1059 teste
1144 1019 1381 1060 commoveri
1409 1032 1547 1072 parum

256 1104 314 1139 est
353 1099 571 1151 probabile.
628 1098 813 1150 Denique
855 1099 974 1138 talem
1013 1098 1316 1150 explicationem
1353 1111 1378 1138 a
1415 1102 1549 1138 nostro

255 1178 341 1218 loco
377 1190 539 1230 prorsus
568 1177 739 1217 alienam
772 1189 857 1216 esse
885 1176 981 1216 mihi
1010 1176 1142 1226 dabit,
1173 1176 1399 1228 quicunque
1427 1177 1549 1216 totius

255 1257 332 1296 loci
361 1257 530 1296 colorem
560 1260 666 1296 recte
695 1255 951 1307 perspexerit.

763 1406 828 1439 VS.
855 1406 1039 1439 337—341.

338 1535 545 1575 Noverunt
574 1534 707 1574 Mauri
736 1540 855 1586 atque
885 1535 996 1582 Indi,
1028 1548 1131 1586 quae
1162 1536 1327 1587 psaltria
1355 1548 1493 1587 penem

336 1613 542 1661 maiorem,
573 1624 692 1664 quam
723 1618 815 1652 sunt
844 1612 923 1652 duo
951 1611 1134 1653 Caesaris
1163 1613 1421 1654 Anticatones

335 1691 452 1741 illuc,
484 1691 658 1731 testiculi
687 1691 763 1730 sibi
793 1691 974 1731 conscius
1001 1692 1106 1731 unde
1134 1692 1239 1743 fugit
1268 1705 1373 1740 mus,

335 1769 536 1818 intulerit,
568 1769 637 1808 ubi
669 1769 792 1808 velari
821 1769 977 1820 pictura
1006 1769 1185 1818 iubetur,

335 1858 596 1898 quaecunque
622 1846 788 1886 alterius
815 1859 934 1887 sexus
962 1847 1117 1887 imitata
1144 1847 1315 1899 figuram
1342 1852 1414 1888 est.

310 1983 463 2024 Versus
502 1985 714 2024 338-339
750 1989 794 2023 ut
822 1984 965 2024 eiceret
993 1983 1214 2036 Scholtius‚
1245 1985 1308 2025 his
1335 1985 1548 2027 levissimis

253 2063 449 2102 adductus
488 2068 548 2101 est
586 2063 737 2102 causis:
784 2076 887 2112 „non
924 2075 1023 2115 opus
1060 2068 1145 2103 erat
1184 2069 1229 2103 ut
1265 2064 1337 2103 illa
1375 2064 1548 2104 Psaltria

254 2140 480 2181 accuratius
516 2139 826 2191 describeretur;
867 2153 1037 2193 sequens
1080 2154 1157 2182 vox
1199 2153 1286 2182 eam
1326 2140 1544 2197 (Clodium)

252 2219 351 2257 satis
387 2218 599 2267 significat.
641 2218 792 2258 Versus
829 2221 906 2258 339
945 2220 1052 2258 omni
1089 2220 1171 2259 fere
1203 2232 1322 2259 sensu
1349 2221 1546 2260 communi

253 2301 372 2337 caret.
403 2296 511 2336 Num
540 2309 627 2337 mus
656 2297 803 2337 femina
831 2297 923 2338 inde
952 2310 1030 2338 non
1054 2298 1159 2350 fugit
1169 2297 1214 2339 ?”
1245 2297 1361 2339 Nihil
1375 2298 1547 2352 amplius

253 2374 375 2415 addit.
407 2375 481 2415 Est
509 2388 604 2415 sane
632 2376 742 2415 dictu
771 2376 953 2426 difficile,
984 2376 1081 2427 quid
1110 2377 1260 2428 ubique
1288 2377 1456 2417 multum
1470 2377 1543 2428 sit,
1565 2357 1568 2362 Ι

302 2515 328 2555 ¹)
353 2514 374 2546 l.
397 2515 418 2546 1.
444 2525 518 2557 pag.
545 2515 619 2546 143.
