1816 2954
890 212 934 245 14

270 330 372 358 nova
399 317 509 357 addit
537 321 792 367 argumenta,
828 317 937 356 facili
966 316 1093 356 utitur
1122 315 1312 364 transitu,
1343 314 1554 355 adnectens

269 397 483 448 particula,
513 408 614 447 quae
639 396 871 447 plerumque
894 400 954 435 est
979 396 1203 435 coniunctio
1234 394 1385 444 „cum.”
1426 394 1551 443 Quem

269 487 382 514 usum
420 486 541 525 quum
574 473 755 525 sequitur
784 486 840 512 νε.
873 474 940 513 30:
975 472 1157 523 „difficile
1186 477 1245 512 est
1272 476 1447 513 saturam
1476 484 1552 512 non

268 553 460 601 scribere,
492 565 582 591 nam
611 552 702 603 quis
731 552 891 603 iniquae
920 556 1001 591 tam
1029 552 1183 604 patiens
1207 550 1363 600 urbis'’;
1395 564 1451 591 vs.
1479 552 1528 591 37
1542 566 1550 589 :

271 642 383 681 „cum
412 635 450 670 te
478 635 751 670 summoveant
775 630 845 682 qui
862 635 1095 670 testamenta
1110 633 1310 670 merentur
1323 628 1550 679 noctibus'';

269 722 325 748 vs.
355 710 428 748 52:
461 709 583 758 „haee
611 721 685 759 ego
715 721 792 748 non
821 708 999 759 agitem?
1029 708 1106 748 Sed
1130 708 1225 759 quid
1250 707 1399 758 magis?
1429 707 1553 747 Hera-

268 784 421 826 cleas?'’
465 790 504 825 et
547 798 604 825 vs.
635 786 707 825 58:
750 797 864 836 „cum
892 786 953 826 fas
981 798 1066 826 esse
1094 790 1206 838 putet
1234 797 1370 825 curam
1397 797 1555 837 sperare

269 863 487 913 cohortis''‚
520 887 563 893 -
600 876 657 904 vs.
703 866 752 903 69
805 864 973 916 abrupte
1017 864 1130 905 nulla
1171 863 1328 904 omnino
1370 863 1554 904 iunctura

268 941 404 982 addita
445 941 588 982 transit
629 942 679 982 ad
717 942 921 983 mulierem
950 942 1185 993 veneficam,
1223 954 1325 994 quae
1353 946 1555 994 praeterea

268 1022 307 1060 et
343 1021 549 1060 atrocitate
586 1021 774 1060 facinoris
811 1023 849 1059 et
889 1022 1007 1071 longe
1041 1020 1198 1060 diversa
1227 1021 1386 1060 sceleris
1413 1025 1555 1060 natura

268 1098 371 1138 male
422 1098 678 1149 coniungitur
721 1110 810 1137 cum
853 1098 1035 1147 falsario,
1091 1098 1232 1138 melius
1274 1111 1363 1139 cum
1407 1110 1554 1149 „nurus

269 1181 477 1228 corruptor
505 1175 673 1216 avarae'⁷
705 1176 958 1227 reliquisque.

321 1253 392 1293 Bis
423 1258 556 1293 autem
593 1254 634 1292 in
672 1253 735 1292 his
773 1253 955 1293 versibus
997 1252 1188 1306 (22—80)
1224 1258 1340 1305 poeta
1367 1254 1555 1305 impetum

268 1334 346 1361 non
383 1322 501 1373 plane
529 1322 598 1360 ille
626 1321 785 1371 quidem
813 1321 919 1360 sistit
947 1322 1015 1360 sed
1044 1326 1175 1360 tamen
1204 1322 1410 1373 paululum
1438 1335 1463 1361 a
1490 1322 1555 1360 via

268 1399 441 1440 deflectit
479 1404 524 1440 ut
560 1399 712 1439 hostem
751 1399 929 1439 saucium
968 1399 1201 1440 vulneribus
1229 1399 1421 1440 conficiat.
1467 1399 1555 1448 Quo

267 1478 312 1518 fit
345 1483 390 1518 ut
418 1490 558 1518 cursus
585 1465 781 1517 inhibitus
805 1478 951 1517 maiore
981 1478 1070 1517 nisu
1099 1477 1337 1529 repetendus
1364 1478 1427 1517 sit.
1469 1477 1555 1518 Hoc

267 1556 389 1595 habes
420 1556 461 1595 in
498 1568 598 1595 vers.
639 1557 810 1595 42—44.
854 1555 1046 1595 Iunctura
1084 1556 1228 1595 omissa
1265 1568 1320 1595 vs.
1360 1557 1411 1594 45
1440 1560 1555 1606 poeta

268 1646 405 1675 rursus
455 1634 513 1674 sic
555 1633 715 1687 incipit:
772 1633 905 1684 „Quid
948 1633 1152 1674 referam.’'
1198 1633 1307 1674 Idem
1350 1634 1471 1675 habes
1513 1633 1554 1673 in

267 1713 448 1752 versibus
483 1713 562 1751 iam
600 1713 853 1763 transpositis
892 1715 1063 1752 73—76.
1106 1713 1297 1752 Iunctura
1325 1713 1469 1752 omissa
1496 1725 1551 1751 νε.

268 1792 317 1831 69
342 1794 458 1843 poeta
487 1802 625 1842 rursus
653 1790 711 1831 sic
740 1790 899 1843 incipit:
933 1788 1145 1842 „Occurrit
1174 1789 1376 1831 matrona”
1407 1802 1490 1843 sqq.

321 1869 424 1908 Mihi
447 1868 678 1921 persuaderi
693 1882 772 1909 non
787 1881 928 1921 passus
943 1882 1030 1909 sum
1045 1869 1115 1919 iis,
1131 1870 1277 1920 quibus
1290 1869 1510 1909 Teuffelius
1523 1868 1551 1921 1)

268 1947 370 1988 hanc
397 1947 741 2000 transpositionem
772 1948 999 2000 impugnat:
1038 1946 1143 1999 „Die
1171 1948 1256 1988 vier
1287 1947 1412 1988 Verse
1429 1947 1555 1999 „aude

266 2025 418 2077 aliquid
461 2049 513 2054 -—
558 2025 743 2078 caprum’'
789 2025 879 2065 sind
924 2025 1119 2065 nunmehr
1155 2025 1366 2077 deplacirt‚
1406 2025 1457 2065 da
1497 2026 1555 2065 sie

266 2108 434 2155 anstatt,
474 2104 551 2145 wie
585 2104 650 2145 ihr
687 2103 822 2144 Inhalt
861 2107 1127 2154 voraussetzt,
1164 2103 1266 2145 nach
1294 2103 1363 2144 der
1391 2103 1553 2144 Erwah-

266 2194 377 2233 nung
405 2182 513 2221 eines
541 2181 754 2221 besonders
782 2181 988 2220 schweren
1019 2181 1298 2221 Verbrechens
1321 2193 1371 2221 zu
1395 2181 1551 2231 stehen,

261 2262 362 2312 jetzt
389 2261 462 2300 auf
486 2261 576 2300 eine
604 2259 1049 2311 Testamentfalschung
1077 2259 1247 2311 folgen.'’

321 2337 443 2378 Putat
494 2338 622 2391 igitur
676 2338 823 2378 crimen
865 2338 958 2378 falsi
1001 2338 1131 2378 levius
1172 2350 1257 2378 esse
1292 2349 1410 2390 quam
1451 2337 1555 2390 quod

315 2512 340 2554 ¹)
368 2511 550 2543 Teuffel.
580 2510 700 2543 Rhein.
726 2511 814 2542 Mus.
839 2510 920 2542 XX.
945 2510 1018 2542 154.
