1816 2954
824 257 866 288 38

203 360 339 409 credo,
372 360 427 400 nil
456 360 597 410 miror,
641 359 839 413 (Belgicez
876 359 945 400 dat
973 360 1110 412 geloof
1133 359 1178 400 ik
1207 359 1372 414 gaame)
1404 360 1495 412 quis

200 445 331 480 tamen
360 439 545 480 adfirmat
574 439 631 479 nil
660 443 793 479 actum
823 451 907 479 esse
935 439 977 479 in
1006 438 1244 479 montibus.'’
1276 437 1372 479 Post
1403 438 1494 491 „Fi-

199 518 336 558 denis”
374 519 561 570 graviore
601 518 740 570 signo,
781 523 869 571 post
901 518 1114 571 „paterno”
1145 518 1294 559 leviore
1322 518 1495 559 inciden-

198 597 292 637 dum
322 601 395 637 est.

777 759 842 792 VS.
868 760 920 791 97.

199 882 360 923 Fortem
399 884 574 924 animum
603 888 807 936 praestant
837 884 976 933 rebus,
1007 896 1107 935 quas
1137 884 1307 937 turpiter
1335 884 1493 925 audent.

253 1019 498 1074 Scholtius1)
532 1034 689 1062 versum
717 1022 844 1062 eiecit.
876 1020 1068 1062 Ordinem
1093 1034 1185 1062 vero
1209 1022 1494 1062 sententiarum

199 1099 237 1139 si
265 1101 534 1152 perspexeris,
564 1101 601 1140 ei
630 1113 707 1140 non
737 1100 975 1140 assentieris.
1020 1099 1144 1140 Poeta
1171 1104 1381 1152 postquam
1409 1113 1496 1140 nar-

203 1177 309 1217 ravit
345 1177 517 1230 Eppiam
555 1184 719 1231 nuptam
753 1179 926 1219 senatori
970 1191 1039 1230 per
1076 1179 1208 1218 omnia
1248 1178 1369 1218 maris
1396 1179 1496 1230 peri-

199 1256 291 1296 cula
330 1257 528 1296 constanti
565 1262 724 1309 pectore
762 1257 987 1297 comitatam
1026 1269 1110 1296 esse
1148 1256 1322 1306 ludium,
1353 1256 1445 1296 inde
1472 1270 1496 1296 a

199 1345 312 1373 verso
354 1336 406 1373 94
443 1334 494 1373 ad
533 1335 763 1374 universum
796 1346 924 1385 genus
952 1334 1166 1373 femineum
1194 1333 1495 1373 describendum

198 1413 342 1453 transit
384 1413 593 1453 sententiis
635 1413 773 1453 ordine
815 1414 919 1453 inter
957 1426 999 1453 se
1037 1412 1247 1465 oppositis:
1294 1412 1353 1464 „si
1390 1412 1497 1453 iusta

198 1490 337 1543 pericli
381 1491 483 1531 ratio
530 1496 589 1532 est
631 1496 670 1531 et
713 1491 898 1542 honesta,
944 1492 1103 1531 timent:
1143 1491 1283 1531 fortem
1321 1491 1496 1532 animum

198 1575 402 1622 praestant
429 1571 550 1611 rebus
578 1583 678 1622 quas
706 1571 877 1623 turpiter
905 1570 1071 1620 audent;
1102 1571 1136 1610 si
1165 1570 1300 1610 iubeat
1328 1571 1493 1620 coniux,

197 1647 341 1688 durum
370 1653 430 1688 est
457 1649 720 1689 conscendere
749 1661 910 1688 navem:
941 1661 1044 1700 quae
1073 1648 1277 1688 moechum
1292 1648 1493 1700 sequitur,

197 1726 401 1766 stomacho
432 1727 558 1776 valet3
590 1727 665 1766 illa
694 1727 880 1766 maritum
909 1726 1129 1765 convomit:
1161 1726 1258 1766 haec
1283 1726 1387 1765 inter
1401 1739 1496 1766 nau-

198 1809 260 1845 tas
288 1809 327 1845 ct
356 1805 525 1858 prandet
555 1810 594 1845 et
626 1804 772 1845 errat.''
804 1804 910 1844 Tum
939 1804 1041 1844 redit
1071 1803 1121 1844 ad
1150 1803 1332 1857 Eppiam.

711 2010 777 2042 VS.
804 2011 988 2042 136—139.

256 2153 421 2207 Optima
449 2153 520 2194 sed
549 2165 673 2206 quare
702 2152 927 2194 Censennia
954 2157 1054 2193 teste
1083 2151 1253 2193 marito?

254 2234 316 2273 bis
345 2233 548 2284 quingena
576 2232 708 2279 dedit;
740 2237 851 2272 tanto
880 2237 994 2272 vocat
1023 2232 1091 2271 ille
1119 2231 1322 2284 pudicam3

255 2324 328 2352 nec
364 2311 562 2364 pharetris
590 2310 760 2350 Veneris
789 2322 920 2351 macer
948 2314 1007 2350 cst
1036 2314 1105 2350 aut
1134 2308 1318 2362 lampade
1346 2309 1493 2349 fervet:

254 2390 347 2430 inde
375 2390 481 2430 faces
509 2389 670 2440 ardent,
702 2390 868 2430 veniunt
897 2403 921 2429 a
948 2389 1038 2429 dote
1065 2389 1247 2441 sagittae.

248 2582 274 2623 ¹)
299 2583 317 2613 l.
344 2583 364 2613 1.
390 2592 462 2625 pag
485 2583 537 2613 48.
