1816 2954
847 185 889 218 57

229 290 414 332 momenti
441 302 526 331 esse
554 293 661 342 puto.
692 288 796 330 Nam
820 301 910 330 cum
930 289 1076 330 femina
1091 288 1275 329 maritum
1291 288 1516 341 reliquisset

228 380 307 407 11011
334 372 509 416 tantum,
539 367 608 406 sed
637 379 760 406 novas
789 368 948 418 nuptias
975 368 1233 415 celebrasset,
1257 379 1416 406 necesse
1430 372 1515 406 erat

227 446 371 487 iterum
408 458 494 486 eam
532 457 622 486 cum
659 445 785 497 primo
823 445 909 485 viro
933 457 999 485 eas
1027 444 1238 496 adornare,
1276 457 1396 497 quas,
1436 457 1516 497 qua

228 528 312 564 erat
348 524 390 564 in
427 535 590 563 uxorem
626 523 894 575 indulgentia,
938 524 1052 564 illum
1085 524 1231 563 celebri
1260 524 1360 563 festo
1386 525 1515 576 egisse

228 617 306 644 non
333 607 393 644 est
421 603 656 644 mirandum.

281 682 422 723 Restat
460 686 505 722 ut
542 694 600 722 vs.
639 682 850 722 227—228
889 682 1135 735 accipiantur
1173 682 1223 722 de
1259 683 1396 723 alteris
1424 696 1514 723 cum

227 762 354 813 primo
395 761 537 800 marito
580 761 751 812 nuptiis,
801 762 866 801 cui
908 762 1150 801 enarrationi
1193 762 1354 813 plurimi
1396 762 1514 802 inter-

227 842 358 891 pretes
378 838 525 879 favent.
559 836 668 878 Haec
698 842 782 878 tum
810 842 870 878 est
896 838 1111 879 sententia:
1149 851 1275 890 „uxor
1306 843 1512 891 postquam

227 917 412 957 maritum
440 917 601 968 reliquit
628 917 839 968 domosque
868 918 1108 969 permutavit
1133 918 1182 957 ad
1197 918 1368 970 primum
1382 918 1512 958 virum

227 995 340 1037 redit.
398 995 548 1036 Verum
594 995 740 1036 femina
791 995 892 1036 levis
929 1000 968 1036 et
1006 995 1234 1036 inconstans
1270 996 1344 1036 1100
1380 996 1513 1036 mariti

226 1074 417 1125 gaudium
454 1086 532 1113 non
568 1074 664 1113 sinit
700 1086 785 1113 esse
823 1075 996 1125 longum.
1042 1074 1169 1113 Paulo
1207 1079 1295 1125 post
1322 1075 1444 1114 ramis
1471 1075 1512 1114 in

227 1152 363 1192 limine
390 1151 520 1192 adhuc
549 1151 769 1192 virentibus
796 1151 939 1192 iterum
956 1151 1101 1192 deserit
1118 1136 1365 1204 coniugem.''
1394 1151 1514 1193 Nunc

227 1232 371 1284 optime
400 1236 621 1282 sequuntur
649 1231 790 1271 verba:
823 1230 904 1281 „sic
932 1230 1072 1271 crescit
1102 1243 1308 1280 numerus;
1339 1230 1398 1271 sic
1411 1231 1513 1271 fiunt

227 1314 314 1350 octo
342 1309 513 1349 mariti.''
542 1308 602 1349 Ut
629 1313 761 1349 autem
785 1309 979 1349 sententia
1007 1313 1111 1348 recte
1140 1321 1181 1348 se
1210 1308 1349 1358 habet,
1378 1309 1436 1348 ita
1463 1308 1512 1348 de

226 1387 435 1427 verborum
478 1390 665 1427 contextu
706 1386 810 1426 idem
852 1386 931 1426 dici
974 1399 1052 1425 non
1089 1390 1227 1437 potest.
1272 1385 1512 1425 Accuratius

225 1465 330 1505 enim
358 1465 392 1505 si
420 1465 660 1505 attendimus
688 1464 738 1504 ad
766 1464 838 1504 hos
866 1477 1023 1504 versus:

1184 1555 1277 1596 inde

400 1636 534 1676 avolat
563 1640 603 1676 et
629 1636 752 1688 spreti
781 1635 924 1687 repetit
952 1634 1123 1686 vestigia
1151 1635 1255 1674 lecti.

400 1719 560 1754 ornatas
587 1714 706 1766 paulo
734 1718 826 1753 ante
854 1714 978 1763 fores,
1009 1712 1221 1765 pendentia
1248 1713 1394 1764 linquit

400 1792 491 1832 vela
518 1791 657 1832 domus
685 1803 764 1843 eqs.

225 1928 291 1968 hic
325 1928 478 1980 aliquid
515 1928 651 1969 vitiosi
690 1929 813 1968 latere
853 1939 965 1967 nemo
1002 1940 1080 1967 non
1115 1927 1236 1967 videt.
1274 1926 1377 1968 Cum
1405 1928 1510 1968 enim

225 2019 359 2048 omnes
386 2006 605 2047 sententiae
634 2006 677 2046 in
706 2005 769 2045 his
797 2005 977 2045 versibus
1008 2003 1253 2058 (224—230)
1285 2005 1510 2057 copulative

224 2086 384 2125 iunctae
420 2085 520 2135 sint,
559 2085 625 2124 hic
662 2084 788 2124 omnis
815 2084 1001 2124 iunctura
1027 2083 1156 2130 deest,
1205 2083 1331 2123 omnis
1373 2084 1509 2124 adver-

224 2164 378 2204 sativae
404 2163 577 2204 notionis
605 2161 845 2215 significatio
873 2161 1016 2202 omissa
1038 2166 1108 2201 est.
1140 2160 1302 2201 Poetam
1333 2173 1510 2202 nonnun-

223 2253 343 2293 quam
380 2241 573 2295 asyndeto
610 2240 860 2280 adversativo
896 2239 1107 2278 indulsisse
1145 2240 1265 2290 probe
1304 2239 1406 2288 scio,
1441 2240 1510 2279 sed

224 2323 308 2360 tum
336 2320 459 2360 verba
486 2319 591 2360 inter
619 2331 661 2360 se
689 2318 869 2371 opposita
892 2316 1165 2357 adversativae
1189 2316 1408 2369 particulae
1422 2317 1509 2359 vice

223 2397 448 2449 funguntur
489 2402 529 2438 et
580 2397 812 2450 primarium
855 2408 993 2437 versus
1029 2396 1208 2436 obtinent
1246 2396 1389 2436 locum.
1446 2394 1509 2436 Cf.

226 2475 247 2514 I
277 2477 364 2524 107,
396 2475 463 2515 III
493 2477 581 2515 121.
612 2475 717 2516 Tum
746 2475 854 2515 notio
882 2474 1014 2514 iterati
1043 2474 1139 2514 facti
1167 2474 1265 2514 dure
1280 2474 1425 2514 omissa
1438 2479 1508 2514 est.

1365 2545 1381 2569 8
