1816 2954
867 223 911 256 68

239 322 508 375 Tigellinum,
540 323 656 364 taeda
684 323 835 364 lucebis
865 323 905 363 in
921 322 1038 372 illa'’;
1057 321 1165 362 VIII
1188 322 1285 362 1732·
1310 321 1377 373 „in
1391 333 1537 374 magna

240 403 416 453 legatum
445 415 592 453 quaere
621 403 785 454 popina:
827 402 1006 441 invenies
1034 414 1124 441 oum
1153 413 1382 453 percussore
1409 402 1536 441 iaoen-

241 480 365 530 tem”;
406 481 490 521 VII
531 483 619 521 122.
660 481 921 533 Partioipium
951 480 1058 532 quod
1087 485 1146 520 est
1179 479 1410 531 „scindens”
1441 480 1535 519 ferri

240 572 354 611 posse
383 572 431 599 ne
460 559 666 611 Madvigio
687 558 714 612 ¹)
746 559 907 610 quidem
936 558 1187 598 adseveranti
1217 558 1461 598 crediderim.

744 741 810 774 VS.
837 739 1022 773 197—198.

387 862 430 903 Si
459 862 641 903 Fortuna
669 863 796 913 volet,
827 863 898 903 fies
924 863 973 903 de
1004 863 1159 903 rhetore
1188 863 1347 913 oonsu13

386 942 419 980 si
450 942 555 981 volet
584 941 683 981 haec
713 941 870 990 eadem,
900 941 972 981 fies
999 941 1048 980 de
1078 941 1240 981 consule
1268 941 1412 981 rhetor.

296 1086 503 1127 Sententia
539 1088 733 1140 posterior
771 1088 939 1127 fortasse
978 1101 1002 1127 a
1040 1088 1216 1127 librariis
1253 1087 1347 1127 huie
1378 1092 1537 1127 saturae

240 1166 441 1206 inculcata
468 1172 538 1205 est.
569 1165 693 1206 Poeta
723 1166 827 1205 enim
855 1166 895 1205 in
926 1166 1254 1218 praecedentibus
1282 1166 1460 1217 loquitur
1489 1165 1537 1205 de

241 1245 445 1293 felicibus,
477 1244 525 1284 de
555 1244 605 1284 iis
632 1256 733 1296 quos
756 1244 938 1285 Fortuna
952 1257 1001 1284 ex
1018 1244 1160 1284 humili
1176 1245 1261 1285 loeo
1276 1244 1327 1285 ad
1341 1257 1537 1285 summum

241 1323 446 1375 fastigium
484 1322 649 1371 extulit,
688 1322 838 1374 quique
876 1323 1061 1363 felicibus
1093 1322 1291 1362 sideribus
1319 1322 1403 1362 nati
1430 1327 1534 1363 sunt.

245 1402 355 1442 Haeo
390 1415 469 1442 non
507 1402 705 1453 quadrant
745 1402 786 1441 in
824 1414 914 1441 eum
952 1402 1022 1453 qui
1051 1401 1100 1441 de
1129 1403 1290 1442 consule
1318 1402 1451 1442 rhetor
1478 1402 1534 1441 fit.

243 1480 384 1532 Neque
421 1481 623 1533 exempla,
651 1492 754 1532 quae
784 1480 967 1532 proponit
997 1493 1052 1519 vs.
1087 1482 1162 1520 199
1192 1492 1299 1532 sqq„
1331 1479 1425 1520 huie
1452 1492 1536 1520 sen-

242 1560 391 1600 tentiae
418 1560 546 1599 lucem
575 1560 746 1599 afferunt
776 1571 914 1598 verum
945 1559 1079 1610 priori.

297 1637 427 1688 Quam
465 1637 583 1678 facile
620 1650 669 1678 ex
707 1637 778 1677 illa
831 1637 927 1677 haee
971 1636 1020 1677 de
1048 1649 1129 1689 qua
1157 1636 1314 1688 agimus
1341 1636 1536 1677 sententia

241 1717 384 1757 deduci
413 1717 606 1768 potuerit,
638 1728 751 1756 nemo
780 1729 858 1756 non
888 1716 1007 1755 videt.

297 1795 421 1836 Porro
450 1794 745 1835 animadvertas
774 1794 893 1834 velim
926 1792 987 1846 (ut
1016 1794 1093 1834 iam
1117 1793 1252 1834 docuit
1267 1792 1468 1834 Seholtius
1484 1792 1533 1846 2))

243 1875 283 1914 in
323 1874 395 1914 hoo
433 1875 519 1914 loco
557 1885 777 1914 sermonem
817 1885 897 1913 non
935 1885 1019 1912 esse
1057 1873 1105 1912 de
1142 1874 1302 1913 mutabili
1334 1872 1534 1922 Fortuna3

241 1952 347 2005 quod
375 1952 410 1993 si
437 1953 495 1993 ita
521 1957 643 2002 esset,
676 1956 831 2004 poetam
859 1951 1021 2003 insuper
1050 1951 1292 2004 scripturum
1307 1951 1452 1992 fuisse:
1478 1951 1537 2002 „si

242 2030 423 2072 Fortuna
450 2031 573 2080 volet,
604 2030 675 2071 fies
703 2030 752 2070 de
780 2030 943 2070 consule
971 2029 1142 2078 rhetor‘'‚
1160 2030 1299 2070 iisdem
1324 2030 1407 2070 fere
1421 2041 1536 2070 usum

242 2109 394 2150 verbis:
426 2110 475 2150 of.
508 2108 626 2150 Ovid.
660 2109 820 2149 Metam.
854 2108 873 2148 I
904 2109 1003 2157 325,
1036 2108 1073 2147 V
1104 2110 1193 2149 208.

290 2276 316 2317 ¹)
340 2275 433 2308 Mad.
459 2276 564 2319 Opus.
588 2275 693 2308 Acad.
717 2276 735 2307 I
759 2276 802 2307 59
826 2287 894 2318 sqq.

287 2334 315 2377 ²)
338 2335 360 2367 1.
385 2335 405 2367 1.
430 2345 506 2378 pag.
529 2335 581 2369 63.
