1816 2954
885 185 929 217 65

769 345 835 378 Vs.
860 347 1044 378 512—515.

829 463 985 505 Chorus
1012 464 1136 504 intrat
1165 470 1204 505 et
1233 465 1375 516 ingens

431 542 612 593 semivir,
642 543 811 583 obscena
837 542 959 583 facies
988 542 1204 583 reverenda
1232 543 1394 593 minori,

432 620 568 660 mollia
594 620 664 671 qui
691 626 806 673 rapta
833 621 959 661 secuit
986 621 1179 672 genitalia
1207 625 1311 661 testa

432 699 511 738 iam
538 697 703 751 pridem.

316 821 407 862 Non
444 826 504 862 est
530 820 636 874 quod
664 820 921 862 Heinrichius
940 820 968 875 ¹)
1001 821 1201 874 vituperet
1229 822 1438 862 lectionem
1467 821 1548 862 Ru-

261 901 364 954 perti
401 913 472 953 pro
512 900 673 953 „rapta”
713 900 941 940 conicientis
981 901 1160 953 „rupta”‚
1200 914 1291 941 nam
1320 901 1419 950 loci,
1450 913 1549 952 quos

260 979 345 1032 ipse
372 991 422 1019 ex
452 978 633 1032 Vergilio
662 978 775 1019 affert
803 977 854 1019 ad
883 979 1089 1031 vulgarem
1118 979 1305 1020 tuendam
1321 979 1546 1028 lectionem,

261 1058 340 1098 huc
367 1070 445 1097 non
475 1058 683 1109 pertinent.
728 1057 792 1096 Ibi
820 1057 924 1096 enim
952 1056 1001 1096 de
1028 1057 1146 1097 celeri
1175 1063 1283 1097 motu
1311 1070 1439 1098 sermo
1466 1063 1546 1106 est,

261 1139 396 1176 nostro
424 1135 511 1176 loco
540 1147 618 1175 non
647 1135 753 1175 item.

315 1213 437 1253 Notio
474 1213 606 1266 potius
642 1220 763 1252 acutae
799 1217 924 1253 testae
956 1213 1051 1253 huic
1079 1214 1164 1253 loco
1194 1214 1398 1263 convenit,
1428 1227 1547 1265 quam

264 1293 463 1334 notionem
501 1293 608 1341 voci,
642 1305 746 1344 quae
774 1297 833 1333 est
864 1291 1044 1345 „rupta”‚
1073 1292 1201 1332 inesse
1230 1305 1343 1333 nemo
1373 1293 1546 1345 negabit.

262 1369 455 1412 Conferas
482 1369 614 1411 Catul.
646 1372 708 1410 63.
739 1372 783 1410 5:
817 1369 1010 1422 „devolsit
1038 1370 1106 1410 ilei
1134 1375 1250 1411 acuto
1278 1371 1356 1410 sibi
1375 1371 1549 1424 pondera

261 1449 411 1490 silice.''

769 1567 835 1600 Vs.
861 1566 926 1600 557
927 1567 1045 1599 -564,

368 1679 612 1733 Praecipuus
640 1684 772 1720 tamen
799 1683 858 1720 est
886 1678 1046 1729 horum,
1076 1678 1146 1731 qui
1173 1679 1332 1731 saepius
1359 1680 1495 1731 exsul,

368 1758 482 1799 cuius
509 1758 685 1798 amicitia
712 1757 1043 1809 conducendaque
1072 1757 1221 1797 tabella

369 1850 538 1890 magnus
565 1837 666 1885 civis
694 1837 777 1878 obit
805 1841 845 1877 et
873 1835 1106 1893 formidatus
1136 1834 1297 1876 Othoni.

368 1915 460 1956 inde
487 1915 586 1956 fides
613 1916 733 1965 artis,
763 1915 895 1967 sonuit
924 1915 958 1954 si
986 1914 1148 1954 dextera
1177 1914 1281 1954 ferro

368 1995 581 2045 laevaque,
612 1994 646 2034 si
675 1994 795 2045 longo
823 1998 1039 2034 castrorum
1068 1993 1109 2031 in
1139 2004 1294 2032 carcere
1323 1994 1478 2033 mansit.

368 2084 483 2112 nemo
510 2071 812 2112 mathematicus
839 2071 1000 2123 genium
1028 2070 1278 2110 indemnatus
1307 2070 1490 2111 habebit:

368 2150 438 2191 sed
465 2151 535 2202 qui
563 2163 687 2203 paene
714 2150 837 2203 perit,
868 2150 933 2190 cui
963 2150 1030 2189 vix
1058 2149 1100 2188 in
1130 2148 1314 2202 Cyclada
1335 2149 1439 2189 mitti

369 2229 538 2282 contigit
567 2234 606 2270 et
634 2242 758 2282 parva
786 2227 944 2269 tandem
972 2227 1145 2269 caruisse
1173 2225 1351 2280 Seripho.

316 2356 403 2398 Hos
431 2369 570 2398 versus
597 2356 811 2409 diligenter
838 2356 907 2408 qui
936 2356 1096 2408 legerit,
1132 2355 1285 2407 aliquid
1312 2356 1548 2408 supervacui

310 2495 336 2535 ¹)
361 2494 429 2526 Sat.
453 2494 524 2526 Iuv.
553 2494 626 2526 Vol.
652 2494 688 2526 II
713 2503 787 2537 pag.
812 2494 887 2525 272.

1398 2555 1412 2578 9
