1816 2954
846 235 917 271 ,88

245 338 367 378 disset
400 336 468 392 (se.
499 337 605 390 quod
634 350 837 390 nunquam
866 337 939 378 illa
966 337 1095 378 scrofa
1125 337 1331 378 exstiterat
1363 362 1414 367 —
1444 350 1540 390 ergo

245 430 343 456 non:
374 417 475 456 alias
504 417 684 469 vidisset)
718 429 760 456 re
790 429 884 456 vera
909 416 1038 468 lepide
1062 416 1305 467 significavit
1326 429 1368 456 se
1384 417 1541 456 fabulas

245 496 336 535 illas
375 496 548 548 poeticas
586 508 665 536 non
704 495 839 547 magni
878 496 1028 544 facere,
1073 495 1179 547 quod
1232 499 1387 536 tantum
1429 496 1540 536 abest

245 580 288 613 ut
326 588 350 613 a
388 574 593 613 Iuvenalis
622 574 798 613 moribus
826 574 1058 623 abhorreat,
1095 579 1138 613 ut
1168 575 1355 625 permulti
1384 579 1540 614 exstent

244 652 342 701 loci,
385 652 426 691 in
466 652 613 704 quibus
652 664 714 691 res
752 651 950 705 mythicas
978 651 1156 692 derideat
1185 652 1248 692 vel
1273 652 1404 692 minus
1432 664 1539 693 reve-

244 736 376 771 renter
404 732 592 782 loquatur
618 731 667 770 de
696 731 784 771 diis.
816 730 930 770 Oonf.
962 730 1044 770 Sat.
1075 731 1119 771 II
1152 733 1248 780 149,
1266 731 1425 771 111267
1443 743 1537 782 sqq,

245 808 282 847 V
314 811 410 858 101,
443 809 504 848 VI
534 810 605 857 60,
639 811 737 859 394,
769 809 880 848 XIII
908 810 1089 858 40—52,
1121 808 1254 847 XIIII
1285 810 1364 848 240
1393 820 1478 860 sqq.

773 960 839 993 VS.
870 961 1011 992 89—92.

353 1079 431 1119 Hic
461 1084 639 1119 nostrum
668 1079 834 1131 placabo
863 1079 999 1118 Iovem
1028 1078 1280 1130 Laribusque
1308 1080 1484 1130 paternis

350 1162 443 1198 tura
470 1157 576 1198 dabo
604 1162 725 1210 atque
753 1158 881 1198 omnis
911 1158 1041 1198 violae
1070 1157 1228 1198 iactabo
1257 1158 1419 1198 colores.

351 1240 496 1274 cuneta
525 1236 673 1285 nitent,
705 1236 846 1287 longos
874 1236 1002 1274 erexit
1031 1236 1151 1275 ianua
1179 1247 1309 1274 ramos

350 1318 390 1354 et
419 1314 629 1355 matutinis
657 1319 845 1366 operatur
873 1315 975 1355 festa
1002 1315 1188 1355 lucernis.

298 1445 476 1487 Verbum
516 1446 752 1499 „operatur”
791 1447 1004 1488 admodum
1042 1446 1286 1488 incommode
1324 1446 1390 1487 hie
1426 1459 1538 1488 usur-

241 1527 392 1576 patum'
408 1536 494 1564 esse
523 1525 620 1564 mihi
650 1525 820 1565 videtur.
854 1525 1047 1576 „Ianuam
1076 1525 1231 1577 erigere
1260 1524 1413 1564 ramos'’
1445 1525 1470 1564 i.
1501 1537 1534 1564 e.

241 1608 393 1643 erectos
430 1608 586 1654 tenere,
626 1609 671 1643 ut
708 1616 829 1656 supra
870 1604 1107 1655 „simulacra
1140 1605 1318 1656 accipere
1347 1603 1535 1644 coronas'⁷

241 1681 337 1721 ferri
366 1686 511 1734 potest,
529 1681 598 1721 sed
617 1682 800 1733 „ianuam
820 1681 1068 1722 sacrificare''
1086 1682 1314 1735 prodigiosa
1328 1687 1388 1722 est
1403 1681 1535 1723 dictio.

297 1760 537 1800 Weidnerus
557 1761 585 1813 1)
627 1761 788 1811 quidem
826 1761 1039 1801 adnotans:
1085 1763 1210 1811 „festa
1247 1763 1367 1801 ianua
1404 1775 1538 1813 opera-

240 1844 306 1879 tur
334 1840 359 1879 i.
391 1851 424 1879 e.
456 1839 581 1880 saeris
610 1851 769 1892 operam
798 1839 867 1879 dat
894 1853 943 1874 =
970 1851 1083 1879 saera
1110 1843 1150 1879 et
1183 1839 1350 1879 honores
1369 1838 1534 1880 indieiff’

239 1918 571 1969 significationem
601 1919 651 1959 ad
682 1919 789 1959 huno
817 1919 947 1958 locum
962 1918 1115 1970 aptavit
1131 1931 1209 1958 non
1231 1931 1323 1959 vero
1338 1919 1534 1970 probavit.

294 1995 533 2050 Grangaeus
550 1997 581 2051 2)
623 2010 727 2038 vana
761 1998 1022 2049 interpretum
1052 1997 1258 2037 conamina
1290 1997 1417 2049 „albis
1445 1996 1535 2037 den—

239 2076 372 2116 tibus⁷'
404 2077 538 2116 ridens
567 2078 736 2117 coniecit
768 2077 1008 2128 „operitur.’'
1042 2075 1119 2115 Sed
1145 2077 1358 2126 efficacior,
1375 2077 1534 2128 opinor,

240 2154 394 2194 medela
434 2159 591 2208 praesto
630 2159 700 2195 est.
748 2155 851 2196 Nam
881 2154 1152 2195 desideramus
1179 2154 1310 2196 adhuc
1338 2154 1536 2196 notionem

238 2234 529 2283 abundantiae,
561 2247 665 2285 quae
694 2235 844 2285 ubique
873 2235 915 2272 in
944 2234 1144 2285 prioribus
1168 2234 1282 2272 inest.
1314 2233 1444 2281 Quam
1461 2234 1536 2273 tibi

238 2313 456 2365 praestabit
501 2311 751 2363 „oneratun”
800 2311 912 2351 Haeo
953 2317 1037 2351 tum
1080 2311 1290 2351 habemus:
1336 2311 1535 2363 „Laribus

285 2496 310 2532 ¹)
335 2496 355 2526 l.
381 2496 401 2526 l.
429 2506 503 2537 pag.
530 2496 604 2526 258.

284 2554 310 2594 ²)
334 2554 408 2586 Iuv.
434 2554 501 2586 Sat.
527 2554 588 2586 Ed.
615 2555 729 2586 Henn.
754 2565 829 2598 pag.
854 2556 929 2587 331.
