1816 2954
813 167 885 225 μ91

70 323 79 332 .
102 289 104 291 ’
217 296 371 348 insunt3
401 307 504 347 quae
531 294 661 337 varios
682 295 861 344 habeant
890 295 1122 347 explicatus.
1163 294 1298 335 Primo
1329 285 1433 335 enim
1463 296 1503 336 id

216 365 340 426 quod*
359 367 418 413 in*
438 364 552 413 initio
589 374 759 424 legimus
799 374 1041 424 „iustissima
1076 378 1136 414 est
1174 374 1300 425 igitur
1327 375 1503 425 cognitio

217 452 266 493 de
294 451 443 492 milite’'
474 451 591 492 efficit
620 455 663 491 ut
682 451 894 504 ambiguus
909 451 1070 492 haereat
1085 452 1218 493 lector.
1249 451 1335 492 Alii
1355 452 1503 492 ironice

217 531 367 571 dictum
403 543 489 570 esse
525 535 703 579 censent,
742 531 813 570 alii
849 544 927 570 non
961 531 1046 571 sine
1074 531 1203 571 ironia
1231 531 1400 581 elatum,
1430 531 1499 571 alii

217 623 370 652 omnem
397 609 749 650 dissimulationem
778 610 914 650 abesse
944 614 1097 662 putant.
1128 610 1233 651 Tum
1250 623 1384 651 vocem
1398 623 1502 663 quae

217 692 277 727 est
316 686 541 738 „vindicta”
571 691 664 726 sunt
692 687 762 737 qui
791 686 840 725 de
868 699 993 738 poena
1022 688 1140 726 militi
1169 689 1376 728 subeunda
1404 689 1503 728 acci-

217 766 352 819 piunt,
382 765 453 805 alii
480 764 529 805 de
557 764 708 806 ultione
735 777 854 817 quam
884 765 997 806 miles
1027 766 1078 806 ab
1101 765 1327 807 adversario
1347 767 1501 819 repetit.

217 843 471 885 Adiectivum
499 842 669 895 denique
696 843 802 895 quod
830 848 889 884 est
921 843 1161 895 „curabilis”
1190 844 1304 885 modo
1333 845 1503 886 refertur

217 923 267 963 ad
312 921 537 974 „vindicta”
581 922 694 962 modo
735 922 786 962 ad
827 922 1045 973 „iniuria'’;
1090 936 1195 963 nunc
1232 924 1501 975 praedicatum

217 1004 276 1041 est
303 1012 410 1041 nunc
436 999 683 1040 attributum.

271 1078 507 1129 Videamus,
537 1091 666 1118 nonne
693 1078 742 1118 de
769 1079 965 1118 sententia
997 1079 1239 1129 „iustissima
1263 1104 1313 1109 —
1336 1080 1500 1129 militc'’‚

217 1158 344 1210 deque
381 1157 670 1210 significatione
708 1157 816 1198 vocis
853 1157 1077 1209 „vindicta”
1108 1158 1260 1210 aliquid
1289 1159 1387 1199 certi
1416 1171 1503 1211 pro-

216 1247 361 1288 ponere
375 1235 588 1287 possimus,
610 1235 757 1287 quibus
771 1235 965 1288 expeditis
981 1236 1134 1287 reliqua
1148 1236 1264 1276 facile
1279 1236 1500 1276 decurrent.

270 1314 433 1367 Lipsius
460 1314 503 1354 in
530 1314 669 1366 quinto
697 1313 799 1355 libro
828 1313 877 1354 de
905 1314 1049 1354 militia
1077 1313 1255 1355 Romana
1281 1313 1387 1367 (pag.
1404 1315 1499 1369 341)

216 1392 314 1433 haec
351 1392 491 1433 habet:
534 1404 703 1445 „poenas
740 1390 920 1432 dicturus
947 1392 1164 1444 praemittit
1196 1391 1421 1446 (Polybius)
1453 1393 1502 1433 de

216 1472 286 1522 iis,
317 1472 387 1524 qui
415 1472 614 1523 irrogant,
645 1475 684 1511 et
711 1471 882 1511 ostendit
909 1471 1157 1512 tribunorum
1185 1471 1227 1511 id
1242 1471 1376 1512 fuisse.
1402 1471 1501 1512 Tria

217 1554 412 1600 recenset,
456 1562 558 1603 quae
595 1550 750 1603 imperii
792 1562 928 1591 eorum
969 1554 1009 1590 et
1051 1550 1169 1601 iuris,
1200 1550 1306 1603 quod
1335 1551 1500 1591 multam

216 1630 372 1680 dicunt,
399 1629 505 1682 quod
529 1630 675 1682 pignus
688 1629 870 1682 capiunt,
901 1629 1009 1681 quod
1036 1629 1269 1669 verberibus
1289 1630 1499 1681 castigant.

216 1708 282 1749 An
311 1713 351 1749 et
377 1708 506 1761 capite
533 1707 732 1761 puniunt?
761 1720 839 1748 non
868 1707 933 1748 hic
960 1707 1081 1748 addit.
1113 1706 1243 1760 Supra
1271 1712 1403 1748 tamen
1432 1709 1502 1749 ubi

217 1786 266 1826 de
294 1786 447 1838 vigiliis
475 1786 633 1827 scribit:
677 1786 763 1838 „„si
791 1786 892 1826 nihil
920 1787 999 1826 tale
1028 1786 1196 1835 factum,
1227 1785 1330 1825 redit
1358 1786 1400 1825 in
1428 1787 1501 1826 cir-

216 1864 379 1905 citorem
416 1865 553 1918 culpa,
602 1864 816 1916 statimque
852 1863 1042 1904 advocato
1080 1863 1243 1904 consilio
1276 1877 1300 1904 a
1341 1864 1502 1905 tribuno

217 1956 357 1984 caussa
394 1944 664 1996 cognoscitur,
708 1948 748 1983 et
780 1943 816 1983 si
844 1942 1052 1983 damnatus
1081 1942 1220 1992 fuerit,
1261 1942 1501 1983 fustuarium

216 2022 393 2063 subit.’'''
426 2023 492 2063 Ex
520 2035 599 2075 quo
627 2023 776 2063 dixeris
795 2022 915 2063 etiam
944 2021 1085 2075 capitis
1110 2034 1269 2062 caussas
1297 2022 1502 2063 tribunum

217 2101 467 2153 cognovisse,
507 2106 628 2154 atque
666 2101 763 2142 adeo
782 2101 824 2141 in
852 2100 1004 2153 equites
1031 2099 1230 2140 Romanos
1258 2100 1502 2140 animadver-

217 2179 332 2227 tisse,
370 2180 406 2220 si
434 2180 477 2220 hi
504 2180 547 2220 in
577 2180 706 2232 culpa.
751 2179 892 2231 Neque
920 2179 1038 2218 nimis
1065 2178 1107 2218 id
1135 2179 1383 2230 negaverim,
1413 2191 1503 2218 cum

216 2258 324 2310 lege,
361 2259 396 2300 si
424 2259 632 2301 consilium
657 2258 906 2309 adiunctum,
938 2262 977 2298 et
991 2270 1072 2298 una
1085 2256 1362 2310 cognoscant.''
1393 2256 1503 2297 Idem

216 2336 259 2376 in
299 2337 403 2378 libro
445 2338 616 2379 secundo
649 2337 754 2391 (pag.
785 2336 875 2390 87):
918 2336 1003 2388 „Ac
1030 2340 1075 2376 tu
1103 2336 1285 2376 tribunos
1313 2336 1392 2376 iam
1420 2349 1503 2388 per-

217 2415 340 2465 nosti,
380 2416 415 2456 si
451 2417 587 2456 munia
623 2415 796 2456 breviter
833 2414 975 2455 addam
1012 2418 1051 2453 et
1078 2419 1319 2454 ornamenta.
1364 2413 1504 2453 Munia

216 2498 309 2533 sunt
346 2493 409 2534 ius
451 2494 592 2536 dicere.
622 2494 765 2535 Livius
797 2493 901 2547 (Lib.
933 2491 1126 2532 XXVIII
1156 2494 1218 2532 24.
1253 2492 1341 2546 10):
1385 2493 1503 2544 „„tri-

1362 2565 1393 2588 13
