1816 2954
876 231 920 264 66

241 337 369 376 inesse
410 337 478 385 iis,
524 336 621 375 mihi
658 336 914 375 adsentietur.
972 335 1082 376 Haec
1119 337 1224 375 enim
1263 337 1360 377 dicit
1395 341 1536 389 poeta:

243 416 504 467 „praecipuus
541 414 908 455 mathematicorum
945 420 1004 455 est
1033 415 1087 464 is,
1131 415 1201 466 qui
1228 415 1387 467 saepius
1416 416 1532 456 exsul

239 493 337 544 fuit,
366 494 436 545 qui
464 505 506 533 se
534 493 733 545 corrumpi
761 493 931 545 patitur,
967 493 1038 544 qui
1067 493 1108 532 in
1137 493 1282 533 vinclis
1310 498 1350 533 et
1380 505 1537 534 carcere

239 572 309 611 diu
338 573 433 620 fuit;
465 572 717 611 indemnatus
745 584 859 611 nemo
887 572 1050 623 genium
1077 572 1251 612 habebit.
1292 572 1371 612 Sed
1400 573 1435 613 is
1462 573 1532 624 qui

239 662 363 703 paene
392 650 530 703 periit,
560 650 630 703 qui
660 650 862 702 relegatus
890 655 949 691 est
978 649 1127 702 diuque
1154 650 1197 691 in
1226 650 1368 691 exsilio
1393 649 1536 691 vixit.'’

238 728 434 769 Postremi
462 729 542 769 duo
571 741 710 769 versus
737 741 868 769 nonne
897 729 1034 769 eadem
1062 729 1144 769 fere
1173 730 1398 780 continent,
1433 742 1537 781 quae

240 808 281 848 in
310 808 509 860 prioribus
537 808 616 847 iam
645 807 753 848 dicta
783 806 925 847 erant?

291 886 480 925 Attamen
523 886 594 925 hos
632 885 732 925 duos
772 898 912 925 versus
940 886 1101 925 minime
1129 886 1321 925 Iuvenale
1349 886 1537 937 indignos

237 965 383 1014 habeo,
429 977 568 1004 verum
610 969 706 1016 puto
749 964 984 1005 documento
1027 977 1113 1004 esse
1155 964 1322 1004 alterius
1359 964 1410 1004 ab
1448 964 1535 1016 ipso

236 1048 353 1096 poeta
380 1043 579 1095 profectae
607 1043 868 1093 recensionis,
898 1043 1030 1095 qualis
1054 1043 1295 1083 recensionis
1309 1042 1535 1083 Teuffelius

236 1122 388 1174 primus
416 1121 581 1172 agnovit
611 1122 800 1172 vestigia,
832 1126 871 1161 et
894 1127 965 1161 aut
979 1121 1216 1161 omittendos
1240 1134 1297 1161 vs.
1314 1122 1526 1161 560—561

239 1199 304 1253 (de
332 1200 404 1239 tali
423 1199 711 1239 sententiarum
726 1212 831 1239 nexu
847 1199 1074 1239 conferendi
1099 1198 1181 1239 Sat.
1199 1199 1237 1238 V
1253 1212 1309 1239 vs,
1326 1198 1504 1252 56—62)
1523 1231 1531 1248 ,

234 1284 305 1318 aut
334 1291 390 1318 vs.
421 1278 656 1327 563—564‚
687 1290 787 1329 quos
812 1283 929 1330 poeta
942 1278 1110 1318 fortasse
1124 1278 1166 1317 in
1182 1278 1362 1329 margine
1376 1277 1532 1329 posuit,

235 1362 279 1397 ut
307 1369 378 1409 pro
407 1369 464 1396 vs.
495 1357 652 1396 60—61
684 1356 814 1396 locum
844 1360 1082 1408 occuparent
1110 1360 1198 1408 post
1227 1368 1285 1396 vs.
1316 1356 1381 1395 62.

289 1435 365 1475 His
393 1436 473 1475 iam
486 1435 646 1487 scriptis
661 1435 744 1474 vidi
759 1434 1027 1475 Ribbeckium
1046 1433 1074 1487 ¹)
1098 1447 1154 1474 vs.
1173 1435 1330 1473 60—61
1351 1434 1525 1473 eiecisse.

744 1592 810 1623 VS.
834 1593 1020 1623 elo-611.

342 1719 421 1759 Hic
449 1720 624 1771 magicos
651 1720 765 1759 affert
793 1723 952 1767 cantus,
983 1718 1048 1757 hic
1075 1717 1272 1757 Thessala
1301 1716 1437 1756 vendit

340 1799 508 1852 philtra,
539 1799 686 1851 quibus
715 1798 848 1839 valeat
877 1802 1046 1838 mentem
1076 1808 1221 1837 vexare
1250 1795 1397 1836 mariti.

285 1930 393 1971 Falli
437 1931 535 1971 mihi
578 1930 736 1971 videtur
779 1929 1022 1971 Weidnerus
1039 1928 1092 1982 ²),
1134 1929 1257 1969 verba
1293 1941 1396 1980 quae
1433 1933 1527 1969 sunt

232 2011 323 2062 „hic
361 2035 413 2040 ——
450 2011 540 2051 hic’'
581 2024 659 2051 non
688 2010 922 2063 pronomina
952 2022 1037 2049 esse
1065 2008 1200 2049 dicens
1227 2008 1296 2048 sed
1325 2008 1526 2048 adverbia.

231 2087 339 2138 Quid
367 2094 452 2129 tum
481 2094 540 2129 est
568 2089 790 2129 subiectum
821 2088 933 2128 verbi
965 2087 1151 2139 „affert’';
1182 2087 1279 2139 quid
1303 2087 1412 2127 vocis
1425 2099 1528 2139 quae

229 2173 289 2207 est
320 2167 536 2219 „vendit''‘?
566 2168 630 2207 An
660 2167 789 2207 uxor?
819 2167 926 2207 Num
950 2179 1053 2206 uxor
1066 2167 1180 2205 vendit
1195 2165 1372 2218 philtra?
1397 2164 1526 2206 Credo

229 2247 360 2287 virum
389 2247 548 2288 doctum
577 2260 647 2300 pro
679 2246 864 2299 „vendit”
897 2245 1143 2287 intellexisse
1175 2245 1333 2297 „emit”

277 2395 303 2431 ¹)
327 2395 348 2425 l.
372 2394 392 2425 l.
420 2405 495 2437 pag.
522 2395 585 2426 167
610 2406 678 2437 sqq.

273 2453 301 2494 ²)
325 2454 346 2485 l.
371 2454 390 2484 l.
417 2463 491 2496 pag.
518 2454 592 2485 165.
