1816 2954
884 226 927 258 98

257 330 385 370 bunos
422 334 461 369 et
498 329 586 369 iura
612 328 776 368 reddere
804 329 846 368 in
873 329 1081 383 principiis
1109 329 1291 369 sinebant
1320 333 1359 369 et
1388 329 1548 380 signum

257 409 308 448 ab
359 408 417 448 eis
453 407 709 459 petebant.''’'
768 407 966 447 Isidorus:
1027 408 1230 458 „„tribuni
1271 407 1402 447 vocati
1444 407 1545 458 quod

256 487 452 528 militibus
491 486 576 527 sive
617 486 802 539 plebibus
839 486 929 527 iura
966 485 1217 527 tribuunt.''’'
1262 485 1549 539 Complectitur

256 569 445 617 utrosque
481 569 521 604 et
549 565 720 605 militum
749 569 788 605 et
816 565 981 617 plebis.⁷'
1023 564 1170 605 Confer
1198 566 1360 617 insuper
1388 564 1478 604 Lib.
1509 564 1548 604 V

254 657 345 695 pag.
384 639 484 692 283,
524 645 623 693 342,
664 646 763 693 343,
804 646 893 683 347.
949 643 1084 692 Quare
1121 644 1248 702 igitur
1286 648 1422 695 poeta,
1458 656 1548 683 cum

253 722 372 763 sciret
409 722 591 763 tribunos
628 723 720 763 lites
757 722 997 772 diiudicare,
1041 722 1199 763 locutus
1237 726 1296 763 est
1333 721 1382 762 de
1415 726 1547 762 centu-

252 800 433 839 rionibus
470 800 585 850 solis,
621 801 734 840 nulla
762 801 1012 840 tribunorum
1055 800 1253 841 mentione
1280 799 1414 839 facta?
1456 799 1548 839 Non

252 884 358 920 certe
404 885 449 920 ut
491 885 657 932 augeret
699 881 977 920 auctoritatem
1019 880 1256 920 iudiciorum
1302 880 1545 920 militarium.

252 958 516 999 Centuriones
554 972 671 1012 porro
709 971 826 1012 saepe
864 959 1052 1000 dicuntur
1090 959 1225 999 stolidi
1252 958 1418 1010 hircosi3
1448 958 1546 1010 quin

252 1040 372 1079 etiam
400 1052 424 1078 a
451 1039 712 1090 scriptoribus
740 1039 855 1090 quasi
884 1039 971 1078 iure
993 1038 1165 1089 quodam
1179 1051 1252 1077 suo
1267 1038 1544 1087 nominantur,

251 1117 381 1158 sicubi
414 1117 529 1158 homo
557 1117 742 1169 stupidus
771 1117 1058 1170 significandus
1087 1121 1157 1157 est.
1204 1114 1307 1157 Vide
1336 1116 1546 1171 Mayorum

252 1196 343 1236 Vol.
374 1196 419 1235 II
448 1209 538 1248 pag.
568 1197 659 1236 404.
693 1196 775 1236 Eos
803 1201 958 1236 constat
987 1197 1110 1236 fuisse
1138 1196 1311 1236 tribunis
1339 1196 1546 1235 inferiores

251 1287 330 1314 non
359 1274 497 1314 ordine
525 1278 702 1323 tantum,
733 1286 871 1314 verum
900 1275 1021 1313 etiam
1049 1274 1297 1314 humanitate
1312 1278 1351 1313 et
1365 1273 1543 1313 scientia.

250 1352 372 1391 Tales
416 1352 596 1391 homines
632 1364 795 1403 corpore
838 1352 1021 1391 robustos
1059 1356 1189 1390 mente
1218 1351 1457 1400 imbecillos,
1488 1351 1544 1390 in-

249 1444 388 1484 super,
428 1435 473 1472 ut
510 1430 577 1482 fit,
617 1430 768 1471 ordinis
804 1430 990 1471 militaris
1017 1443 1149 1471 amore
1174 1434 1421 1480 occaecatos,
1455 1442 1545 1471 cum

248 1522 402 1563 semper
442 1510 526 1550 fere
567 1510 609 1550 in
650 1510 791 1550 castris
834 1509 982 1550 versati
1024 1510 1124 1559 sint,
1169 1510 1287 1556 facile
1324 1510 1376 1550 ab
1414 1521 1541 1562 aequa

248 1602 380 1630 rerum
416 1589 709 1629 existimatione
746 1594 785 1628 et
826 1589 933 1629 iusta
970 1602 1112 1629 causae
1141 1589 1368 1640 cognitione
1400 1589 1542 1629 deduci

247 1680 381 1721 posse,
412 1668 503 1720 quis
529 1672 589 1708 est
616 1668 687 1719 qui
715 1667 909 1708 miretur?
952 1667 1115 1708 Poetam
1142 1668 1184 1708 id
1214 1668 1374 1708 minime
1406 1668 1542 1708 mirari

247 1760 297 1787 ex
326 1760 371 1787 eo
399 1751 528 1798 patet,
558 1747 664 1797 quod
693 1759 760 1786 eos
783 1734 934 1786 iudices
948 1747 1052 1787 ridet
1069 1747 1323 1798 „bardaicum
1338 1747 1540 1787 calceum”

246 1830 286 1867 et
316 1825 513 1878 „grandes
540 1825 678 1866 suras''
711 1825 899 1866 vocando.

299 1904 467 1944 Accedit
494 1904 621 1955 quod,
653 1905 687 1943 si
716 1905 843 1943 omnis
870 1904 1134 1944 dissimulatio
1162 1906 1337 1952 abesset,
1368 1910 1408 1944 et
1439 1906 1541 1956 „ius-

245 1983 422 2025 tissima”
452 1996 524 2037 pro
555 1982 783 2036 „legitima”
815 1983 988 2036 positum
1015 1988 1138 2035 esset,
1164 1988 1300 2037 poeta,
1331 1984 1373 2025 ni
1399 1984 1537 2034 fallor,

244 2067 314 2102 aut
347 2063 591 2114 scripsisset:
634 2062 878 2113 „iustissima
906 2067 966 2101 est
994 2063 1119 2113 igitur
1147 2063 1423 2102 centurionum
1452 2076 1538 2114 cog-

244 2140 382 2191 nitio'',
421 2145 511 2181 aut:
554 2140 797 2192 „iustissima
839 2145 898 2180 est
944 2140 1071 2192 igitur
1108 2152 1243 2181 eorum
1280 2140 1455 2192 cognitio
1492 2140 1541 2181 de

245 2218 412 2269 milite'’,
441 2219 629 2270 quoniam
658 2218 776 2258 aliter
800 2219 1037 2258 alterutrum
1053 2218 1291 2258 vocabulum
1305 2218 1538 2258 abundaret.

244 2296 364 2337 Nunc
400 2301 533 2337 autem
566 2301 781 2349 utrumque
810 2310 960 2349 ponens
988 2309 1067 2336 non
1095 2297 1181 2336 sine
1209 2296 1344 2348 aliquo
1373 2297 1538 2337 consilio

243 2374 268 2412 i.
298 2385 332 2413 e.
371 2386 450 2413 non
488 2374 574 2413 sine
612 2374 915 2414 adumbratione
949 2374 1120 2425 quadam
1149 2374 1301 2413 ironiae
1330 2374 1404 2414 hoc
1432 2374 1537 2414 fecit.

243 2453 448 2494 Postremo
476 2454 511 2494 si
539 2454 615 2494 hoc
643 2454 771 2494 voluit
798 2467 892 2494 num
922 2454 1055 2506 aptius
1084 2453 1242 2506 potuit?

296 2532 420 2572 Facio
449 2532 575 2584 igitur
604 2545 693 2572 cum
724 2532 958 2573 Heinrichio
987 2533 1185 2573 scribente
1216 2545 1293 2573 non
1309 2532 1395 2572 sine
1410 2532 1538 2571 ironia
