1816 2954
873 187 917 220 37

254 294 417 342 paterno
445 302 523 342 quo
551 290 652 330 nihil
680 291 776 331 mihi
805 291 936 332 carius
963 290 1098 343 agro.’'
1131 290 1234 331 Cum
1266 304 1322 330 vs.
1340 291 1391 330 55
1409 290 1543 330 eadem

254 369 336 408 fere
378 370 572 409 vocabula
617 383 735 411 ..rure
777 370 963 422 paterno”
1005 375 1233 419 occurrant,
1274 370 1392 418 haec,
1433 369 1467 408 si
1494 368 1544 408 de

255 446 380 487 altero
419 448 550 498 agello
578 448 846 501 intellegenda
872 453 1020 499 essent,
1051 449 1254 500 frigerent.
1295 448 1399 488 Tum
1429 452 1544 499 poeta

254 530 360 566 certe
396 526 580 567 dixisset:
625 533 688 578 „et
725 528 856 580 agello
885 540 969 569 meo
997 528 1092 569 cedo
1122 527 1323 581 paterno'‘‚
1354 533 1399 567 ut
1427 527 1543 567 lecto·

253 616 335 643 rem
376 603 622 654 admoneret,
665 605 715 645 de
751 606 831 646 alio
869 611 989 658 atque
1030 611 1122 646 ante
1162 606 1294 657 agello
1323 617 1541 645 sermonem

253 693 349 721 esse.
393 680 524 722 Sensit
566 682 640 723 hoc
682 682 940 733 Weidnerus,
984 684 1055 735 qui
1098 683 1237 723 vertit:
1281 683 1434 733 „libens
1467 694 1540 733 ego

253 759 347 801 cedo
387 760 554 812 agello.’'
598 761 762 802 Accedit
797 762 903 814 quod
944 762 1139 814 particula
1179 760 1359 812 „tamen”
1400 773 1457 800 vs.
1488 761 1539 800 58

253 838 453 879 commode
490 839 681 892 explicari
709 853 786 880 non
815 845 962 892 potest,
1001 841 1133 892 potius
1162 839 1380 891 requiritur
1411 839 1539 889 „insu-

254 917 361 970 per.”
403 916 517 967 Quae
545 931 633 958 cum
662 918 720 958 ita
748 918 846 968 sint,
881 919 1060 971 „agellus
1083 917 1296 970 paternus''
1327 917 1430 956 idem
1458 921 1537 966 est,

256 996 361 1047 quod
390 1002 482 1037 ante
509 997 655 1037 dicitur
685 1009 778 1048 „rus
806 996 1050 1049 paternum.'’

308 1074 459 1115 Versus
491 1088 560 1127 per
588 1075 748 1127 ellipsin
777 1075 1034 1127 explicandus
1063 1080 1140 1122 est,
1173 1079 1216 1114 ut
1247 1074 1388 1114 volunt
1419 1073 1539 1113 Hein-

253 1153 402 1193 richius
419 1153 446 1207 ¹)
487 1159 525 1194 et
563 1153 780 1207 Kiaerus2)
822 1154 879 1193 sic
906 1158 1153 1193 enarrantes:
1186 1152 1381 1204 „concedo
1409 1152 1540 1203 agello

255 1237 419 1284 paterno
447 1232 504 1271 nil
533 1237 664 1272 actum
692 1245 796 1281 esse,
827 1233 917 1284 quis
945 1237 1076 1272 tamen
1104 1232 1286 1272 adfirmat
1314 1244 1400 1283 sqq.
1443 1231 1540 1270 Ani-

256 1310 580 1350 madvertendum
622 1315 681 1350 est
708 1311 943 1362 particulam
975 1310 1061 1361 „et”
1092 1310 1166 1350 hoc
1194 1311 1279 1349 loco
1309 1314 1354 1349 ut
1382 1309 1540 1361 saepius

253 1400 342 1428 cum
384 1388 578 1440 singulari
618 1389 658 1428 vi
701 1389 866 1440 positam
909 1401 1012 1438 esse,
1058 1394 1102 1428 ut
1140 1389 1221 1427 fere
1262 1387 1365 1427 idem
1407 1388 1539 1427 valeat

253 1466 359 1518 quod
404 1471 467 1517 „et
508 1466 705 1520 insuper.''
756 1466 887 1507 Velim
930 1472 1060 1507 tamen
1102 1479 1172 1519 pro
1217 1465 1362 1517 „cedo”
1406 1466 1540 1517 legere

255 1544 433 1595 „credo”
470 1545 707 1596 Quanquam
735 1550 793 1585 est
821 1550 957 1585 notum
986 1546 1150 1585 verbum
1183 1544 1368 1595 „cedere”
1402 1544 1539 1584 eodem

251 1635 368 1664 sensu
396 1635 475 1675 quo
506 1623 766 1675 „concedere”
796 1623 874 1664 dici
903 1636 1014 1675 posse
1049 1622 1113 1676 (de
1142 1635 1223 1674 qua
1247 1622 1539 1674 significatione

253 1701 343 1741 vide
373 1701 598 1742 Bentleium
626 1701 688 1742 ad.
720 1701 819 1741 Hor.
849 1701 961 1753 epist.
992 1701 1036 1741 II
1066 1704 1100 1740 1.
1132 1703 1204 1751 67,
1231 1701 1297 1741 cui
1319 1701 1436 1741 facile
1451 1714 1539 1741 con-

252 1780 366 1819 cedes
393 1780 450 1820 ibi
481 1780 623 1831 „cedo”
655 1793 739 1820 esse
768 1779 1017 1833 legendum),
1053 1785 1184 1820 tamen
1213 1780 1288 1820 hoc
1316 1781 1402 1820 loco
1434 1793 1538 1831 „cre-

251 1856 368 1897 dere”
408 1857 506 1897 mihi
543 1858 673 1898 visum
710 1861 769 1897 est
806 1861 1027 1909 praestare,
1066 1861 1105 1897 et
1143 1857 1250 1909 quod
1277 1857 1450 1909 lepidius
1479 1862 1538 1898 est

253 1935 403 1976 dicere:
444 1936 638 1987 „concedo
676 1937 750 1976 tibi
787 1937 843 1975 nil
881 1940 1012 1976 actum
1050 1935 1158 1976 esse’'
1198 1941 1391 1989 tanquam
1423 1941 1539 1989 poeta

251 2014 336 2066 ipse
368 2015 549 2056 conscius
585 2019 624 2055 et
662 2026 845 2067 praesens
882 2014 1091 2062 adfuisset,
1134 2021 1173 2054 et
1210 2015 1317 2067 quod
1353 2020 1471 2068 poeta
1497 2015 1538 2055 id

254 2093 335 2132 iam
376 2094 569 2133 concessit
610 2093 674 2133 his
712 2093 844 2132 verbis
884 2097 953 2143 „ut
991 2093 1096 2132 vixit
1124 2093 1166 2132 in
1195 2093 1331 2144 agro'⁷‚
1366 2098 1406 2133 et
1433 2094 1539 2145 quod

253 2172 417 2212 verbum
446 2171 552 2224 quod
579 2176 639 2212 est
670 2170 834 2223 „credo”
860 2171 1077 2211 sententiae
1091 2171 1220 2223 magis
1235 2176 1538 2212 consentaneum

252 2253 324 2289 est.
355 2248 560 2290 Habemus
586 2250 731 2302 igitur:
769 2254 832 2301 „et
859 2250 990 2302 agello
1018 2254 1182 2302 paterno
1211 2251 1268 2290 nil
1298 2255 1430 2291 actum
1457 2256 1536 2301 est,

298 2442 324 2479 ¹)
348 2442 368 2474 l.
394 2442 415 2474 l.
442 2452 516 2485 pag.
542 2443 615 2475 226.

298 2500 325 2542 ²)
349 2502 368 2533 l.
395 2502 415 2533 l.
441 2513 471 2544 p.
497 2503 570 2534 125.
