1816 2954
867 228 909 260 76

242 331 369 371 solum
412 331 528 383 plane
571 330 697 371 otiosa
738 343 823 370 esse
863 330 1042 381 videtur,
1082 330 1150 371 sed
1175 343 1224 370 ne
1252 334 1344 383 apte
1371 331 1530 382 quidem

243 423 333 450 cum
374 410 424 450 iis
461 410 681 450 convenire.
728 410 832 450 Nam
871 423 973 462 quae
1010 411 1137 462 pluris
1175 415 1268 451 sunt
1305 423 1424 461 quam
1461 423 1528 460 ea,

243 501 346 542 quae
383 490 579 542 postulas,
623 503 701 530 non
740 489 853 530 modo
891 489 965 530 tibi
1003 489 1202 530 sufficiunt
1240 488 1308 530 sed
1341 501 1388 530 ea
1415 493 1529 542 grato

242 568 373 608 animo
401 568 559 620 accipis.
598 568 704 608 Tum
733 569 974 620 comparatio
1004 568 1220 609 Deciorum
1250 581 1338 609 cum
1366 569 1529 620 legioni-

242 647 317 686 bus
367 645 530 686 auxiliis
586 646 769 698 pubeque
811 646 958 686 Latina
1008 647 1192 687 instituta
1246 645 1418 686 absurda
1458 651 1527 687 est.

242 709 451 765 Piaculum
489 725 593 764 enim
631 725 771 776 culpae
810 725 884 765 deo
923 730 1051 777 potest
1078 727 1259 777 sufficere,
1291 738 1370 764 non
1397 729 1529 764 tamen

242 803 369 855 pluris
397 808 457 843 est
485 815 604 854 quam
628 816 731 855 quae
759 808 979 844 servantur.
1026 804 1211 855 Denique
1240 804 1371 843 minus
1399 803 1529 854 placet

241 885 454 913 pronomen
486 876 615 912 „illis”
651 876 701 904 ad
716 875 865 904 Decios
894 876 1126 912 respiciens,
1157 875 1282 911 quod,
1305 884 1394 903 cum
1408 874 1526 902 etiam

241 931 380 964 referri
409 931 532 981 possit
560 930 611 966 ad
629 930 714 981 „dis
730 930 919 967 infernis''
937 934 976 967 et
994 930 1112 985 ⁷⁷totis
1125 929 1350 987 legionibus
1364 928 1526 967 auxiliis

240 1038 361 1079 atque
389 1034 494 1079 pube
521 1033 692 1071 Latina’'
722 1035 854 1071 minus
880 1041 984 1071 recte
1013 1036 1078 1070 hio
1105 1036 1264 1077 legitur.
1299 1034 1526 1069 Praestaret

249 1094 373 1129 „his'⁷‚
418 1101 509 1120 nam
541 1094 850 1121 demonstrativo
877 1093 983 1131 quod
1011 1096 1070 1120 est
1101 1092 1183 1129 „is”
1214 1092 1385 1120 abstinet
1414 1091 1527 1119 Iuve-

240 1170 356 1225 nalis.
399 1169 504 1225 Vide
531 1172 790 1238 Kiaerum1).

296 1258 372 1295 His
409 1258 488 1295 iam
525 1258 684 1308 scriptis
722 1258 804 1295 vidi
843 1257 1156 1296 Herwerdenum
1172 1257 1202 1309 ²)
1250 1269 1406 1296 versum
1447 1257 1525 1296 iam

242 1333 425 1388 eiecisse,
455 1334 526 1390 qui
554 1334 673 1376 simul
701 1346 860 1377 causam
888 1335 1204 1394 interpolationis
1232 1334 1394 1377 addidit.

634 1708 936 1751 SATURA
989 1711 1133 1752 VIIII.

744 1853 810 1887 VS.
836 1855 1019 1887 146—148.

1053 1955 1261 1998 Sufficiunt
1288 1956 1405 2008 haec,

291 2033 450 2084 quando
479 2045 553 2085 ego
582 2046 733 2087 pauper
760 2047 838 2075 ero.
869 2040 1004 2075 votum
1034 2036 1277 2086 miserabile,
1307 2048 1380 2076 nec
1408 2048 1497 2088 spes

289 2111 352 2151 his
382 2112 542 2163 saltem3
574 2125 666 2152 nam
695 2126 783 2153 cum
812 2127 883 2166 pro
912 2127 973 2154 me
1002 2113 1181 2155 Fortuna
1209 2119 1373 2167 rogatur
1401 2126 1481 2166 eqs.

288 2252 465 2295 Kiaerus
482 2253 512 2308 3)
554 2258 763 2307 postquam
801 2256 954 2297 monuit
986 2256 1084 2297 haec
1112 2257 1234 2297 verba
1261 2257 1319 2297 sic
1347 2258 1522 2298 enarrari

280 2406 307 2447 1)
331 2406 446 2438 Kiaer.
471 2407 511 2439 de
536 2408 694 2439 Sermone
717 2409 886 2440 Iuvenalis
910 2420 983 2452 pag.
1009 2411 1081 2441 142.

277 2463 305 2506 ²)
329 2464 562 2508 Mnemosyne.
586 2466 684 2499 Nova
709 2467 826 2499 Series.
852 2467 927 2500 Vol.
952 2468 970 2500 I
993 2479 1066 2512 pag.
1092 2465 1157 2500 405
1181 2479 1249 2512 sqq.

277 2523 304 2566 ³)
328 2525 347 2556 l.
373 2525 393 2556 l.
418 2536 494 2567 pag.
519 2527 560 2557 55
585 2537 653 2568 sqq.
