1816 2954
873 188 917 219 35

255 294 475 335 viventium
507 306 634 334 sermo
670 297 729 333 est
767 292 816 333 de
843 305 924 345 qua
951 297 1085 333 nostro
1113 292 1218 341 loco;
1250 304 1322 332 nec
1350 303 1427 331 non
1456 289 1541 331 Sta-

254 375 334 414 tius
372 373 498 414 Theb.
537 373 627 413 IIII
663 375 762 413 276:
808 371 1043 425 „(Arcades)
1064 403 1180 412 .....
1211 383 1413 411 nemorum
1442 383 1541 422 quas

252 453 375 504 stirpe
402 452 555 502 vigenti
584 452 690 490 fama
718 451 848 491 satos’⁷
862 482 871 500 ,
901 455 941 490 et
966 452 1044 490 279
1069 462 1177 501 sqq.:
1207 462 1402 500 „quercus
1421 449 1540 488 lauri—

253 542 330 582 que
350 529 528 570 ferebant
556 528 679 570 cruda
707 528 916 582 puerperia
939 541 987 569 ac
1009 528 1176 581 populos
1191 528 1377 568 umbrosa
1391 527 1540 568 creavit

252 609 453 657 fraxinus,
484 613 523 648 et
551 609 632 648 feta
659 609 799 649 viridis
828 621 926 661 puer
955 608 1104 649 excidit
1132 607 1267 648 orno.''

307 686 465 728 Deinde
495 687 563 727 vix
591 687 729 728 dubito
753 687 850 740 quin
874 692 989 740 poeta
1002 687 1114 728 illam
1128 686 1330 727 materiem
1350 685 1537 738 „saxum”

253 770 430 805 vocasset
453 778 532 805 non
563 766 734 818 „rupis'',
766 771 810 806 ut
840 765 980 806 Cicero
1008 767 1101 806 fecit
1129 767 1170 805 in
1199 767 1285 806 loco
1313 779 1338 806 a
1361 765 1538 806 Scholtio

252 844 337 896 ipso
380 843 560 884 laudato:
604 857 705 895 „non
735 844 839 885 enim
868 857 889 884 e
918 857 1014 884 saxo
1043 845 1222 897 sculptus
1251 849 1320 884 aut
1349 856 1371 883 e
1399 844 1539 884 robore

251 922 456 971 dolatus''‚
487 927 525 962 et
551 921 702 963 Statius
730 922 856 963 Theb.
879 922 968 962 IIII
987 924 1085 963 340:
1114 935 1161 973 „o
1175 923 1283 962 saxis
1298 923 1484 961 nimirum
1498 927 1537 961 et

252 1002 391 1042 robore
419 1001 549 1041 nati!''
580 1015 604 1041 a
631 1014 710 1053 quo
738 1002 863 1053 igitur
892 1001 1010 1041 iidem
1040 1000 1216 1042 Arcades
1230 1001 1344 1041 modo
1360 1001 1538 1041 arobore

251 1080 355 1128 solo,
388 1080 501 1120 modo
529 1094 554 1120 a
581 1093 677 1120 saxo
705 1084 744 1120 et
773 1081 912 1121 robore
940 1081 1015 1121 orti
1039 1093 1124 1121 esse
1139 1081 1337 1121 dicuntur.
1369 1081 1537 1134 Insuper

251 1164 406 1199 statuae
448 1159 642 1211 signaque
680 1171 880 1211 nunquam
922 1159 971 1199 de
1016 1172 1133 1211 rupe,
1177 1160 1335 1211 saepius
1377 1172 1399 1199 e
1440 1173 1537 1200 saxo

252 1238 498 1291 sculpuntur.

306 1315 417 1357 Haec
445 1321 576 1357 autem
601 1317 722 1357 verba
748 1321 889 1369 „rupto
912 1317 1051 1357 robore
1065 1316 1174 1357 nati’'
1190 1318 1410 1370 aliquatenus
1425 1331 1537 1370 posse

252 1396 443 1449 explicari
482 1409 560 1436 non
599 1396 786 1447 intellego
814 1407 885 1435 cur
912 1394 951 1435 S.
982 1395 1106 1445 dicat;
1137 1396 1319 1447 equidem
1347 1402 1443 1449 puto
1472 1410 1536 1450 ap-

253 1475 403 1516 tissime
441 1487 575 1527 posse,
615 1488 706 1515 nam
746 1474 974 1527 „rumpere”
1014 1474 1063 1514 de
1099 1474 1173 1515 hac
1210 1488 1252 1515 re
1285 1476 1449 1516 verbum
1478 1482 1537 1517 est

253 1553 466 1606 proprium.
508 1551 698 1593 Conferas
739 1552 847 1592 Pers.
892 1552 973 1592 Sat.
1018 1552 1038 1592 I
1068 1566 1123 1593 vs.
1155 1555 1225 1593 24:
1268 1553 1404 1607 „(nisi)
1435 1567 1537 1606 quae

251 1633 370 1673 semel
407 1633 516 1672 intus
554 1633 690 1673 innata
723 1637 781 1672 est
809 1637 926 1684 rupto
955 1632 1083 1673 iecore
1111 1633 1252 1673 exierit
1279 1633 1534 1685 caprificus”;

251 1709 372 1762 Verg.
398 1709 546 1762 Georg.
571 1709 592 1749 I
615 1712 664 1749 47
669 1711 712 1750 2:
745 1740 763 1761 „
792 1709 1005 1750 undantem
1033 1710 1161 1762 ruptis
1188 1711 1415 1751 fornacibus
1443 1712 1536 1752 Aet-

250 1788 379 1828 nam.''
410 1788 527 1838 Quod
555 1788 605 1828 ad
633 1789 868 1829 vocabulum
900 1788 1103 1840 „rupices”
1122 1789 1284 1838 attinet,
1310 1789 1416 1840 quod
1430 1791 1537 1843 apud

251 1866 486 1919 posteriores
527 1865 683 1905 demum
720 1866 929 1918 scriptores
966 1866 1186 1913 invenitur,
1227 1866 1267 1904 id
1297 1866 1430 1917 potius
1457 1868 1537 1908 dici

251 1945 409 1985 videtur
442 1944 490 1984 de
526 1944 785 1985 similitudine
822 1948 987 1985 naturae
1019 1943 1210 1996 quadam,
1240 1957 1331 1984 nam
1360 1944 1537 1987 homines

250 2024 411 2065 denotat
439 2023 559 2065 duros
586 2024 651 2064 vel
678 2023 876 2076 stupidos,
907 2023 1134 2064 obstinatos.
1161 2021 1222 2063 Of.
1240 2022 1358 2064 ovid.
1376 2024 1535 2066 Metam.

251 2103 313 2144 VI
340 2105 412 2154 33,
443 2103 565 2143 Trist.
595 2102 662 2143 ΙΙΙ
691 2105 738 2142 11
770 2116 826 2143 vs.
856 2104 892 2143 8.

305 2182 493 2223 Fortasse
530 2181 572 2222 hi
609 2194 747 2222 versus
790 2186 925 2234 postea
952 2181 1107 2222 demum
1136 2182 1273 2222 inserti
1303 2187 1417 2232 sunt,
1447 2196 1537 2223 nam

252 2261 327 2301 hoc
364 2272 493 2301 nonne
530 2260 673 2300 mirum
714 2260 789 2300 tibi
817 2260 976 2301 videtur
999 2265 1174 2313 poetam,
1205 2274 1294 2301 cum
1318 2262 1360 2301 in
1383 2274 1537 2314 praece-

250 2339 437 2380 dentibus
478 2338 645 2389 dixerit,
686 2338 864 2379 homines
904 2338 1045 2391 priscis
1086 2339 1328 2392 temporibus
1365 2338 1538 2381 Saturno

250 2431 344 2472 rege
379 2430 469 2459 cum
506 2430 647 2471 pecore
685 2429 910 2458 communes
947 2417 1150 2458 habitasse
1186 2417 1341 2469 domos,
1371 2418 1538 2471 glandes

251 2497 420 2550 glutisse
448 2496 629 2549 aliasque
656 2496 863 2550 cupedias,
888 2496 1102 2547 affirmare,
1132 2497 1249 2537 aliter
1272 2502 1367 2538 tunc
1391 2498 1538 2538 vixisse
