1816 2954
875 198 919 231 99

259 304 355 343 haec
397 302 504 342 dicta
545 314 650 349 esse,
695 301 751 340 ita
792 305 922 340 tamen
964 306 1008 341 ut
1050 301 1099 340 ad
1144 313 1277 340 eorum
1321 299 1543 352 opinionem

258 393 336 421 non
378 379 582 428 accedam,
623 379 693 430 qui
730 378 868 419 dieunt
906 384 1059 431 poetam
1100 380 1217 431 plane
1254 379 1453 419 contraria
1488 379 1545 417 in-

258 459 396 511 tellegi
443 458 628 499 voluisse.
695 458 809 499 Hace
864 459 968 499 enim
1018 472 1106 500 eum
1158 459 1417 511 sequentibus
1467 470 1545 498 non

257 537 524 579 convenirent.
569 537 688 578 Nunc
724 541 856 578 autem
874 566 876 568 »
894 538 1147 590 ambiguum,
1191 538 1297 590 quod
1325 537 1545 578 sententiae

258 618 379 664 inest,
422 615 708 666 quodammodo
741 616 860 655 etiam
889 617 1058 667 pertinet
1087 617 1137 656 ad
1172 603 1543 656 alteram'enuntia-

257 695 376 735 tionis
417 698 570 746 partem
615 707 712 745 „nee
754 694 851 734 mihi
892 694 1001 735 deest
1039 694 1176 745 ultio''‚
1212 699 1256 735 ut
1285 694 1543 746 intellegatur

257 772 356 813 ultio
384 783 519 824 parva.

311 851 427 901 Quod
465 850 609 890 attinet
645 850 695 890 ad
723 863 857 891 vocem
888 851 1124 901 „vindicta'’‚
1155 865 1204 891 ex
1232 865 1298 900 eo,
1328 851 1434 903 quod
1463 864 1541 891 ma-

257 931 400 971 nifesto
425 929 606 982 opposita
633 933 692 969 est
721 929 912 969 vocabulo
944 929 1150 981 „iniuria''‚
1180 934 1264 970 tum
1292 929 1404 978 inde,
1435 928 1542 981 quod

258 1009 473 1061 particula,
514 1021 616 1059 quae
640 998 712 1048 'est
751 1008 929 1059 „tamen”
965 1009 1044 1047 vim
1072 1009 1255 1060 infringit
1284 1009 1428 1060 prioris
1456 1021 1541 1048 sen-

254 1087 422 1137 tentiae,
456 1099 559 1139 quae
587 1091 646 1127 est
673 1099 771 1139 „nec
798 1086 895 1127 mihi
923 1086 1047 1127 deerit
1075 1087 1199 1128 ulti0’'
1230 1092 1275 1128 ut
1303 1099 1442 1128 sensus
1465 1086 1538 1127 sit:

262 1166 387 1217 „ultio
417 1165 576 1217 quidem
590 1165 688 1205 mihi
703 1166 911 1217 contingit,
928 1166 996 1205 sed
1011 1179 1144 1206 omnes
1158 1167 1351 1218 manipuli
1366 1167 1540 1206 efficiunt

254 1250 299 1285 ut
337 1245 434 1284 haec
470 1244 572 1284 ultio
608 1244 692 1284 sive
730 1244 905 1285 vindicta
933 1245 974 1284 in
1003 1257 1064 1284 me
1093 1245 1221 1296 ipsum
1252 1244 1439 1294 recidat''‚
1469 1257 1540 1296 per

259 1334 301 1362 se
329 1322 511 1373 sequitur
539 1326 584 1361 ut
610 1322 876 1373 intellegenda
902 1322 954 1361 sit
982 1322 1030 1361 de
1044 1334 1169 1374 poena
1188 1322 1306 1361 militi
1320 1322 1537 1361 subeunda.

257 1400 423 1452 Alioqui
452 1405 568 1453 poeta
595 1400 756 1453 insuper
783 1400 967 1441 dixisset:
1001 1401 1131 1453 „prior
1159 1400 1343 1441 iniuria.'’

309 1478 422 1520 Haec
450 1479 485 1520 si
514 1484 619 1520 reete
647 1479 847 1532 disputata
874 1484 986 1529 sunt,
1016 1479 1150 1519 statim
1178 1479 1270 1519 inde
1298 1479 1467 1519 efficitur
1494 1484 1538 1519 ut

255 1558 431 1598 vindicta
459 1563 565 1599 reete
594 1558 749 1599 dicatur
775 1558 1023 1609 ‚‚eurabilis''‚
1040 1564 1078 1598 et
1097 1559 1345 1598 coniecturae
1360 1557 1539 1598 Crameri

254 1636 422 1688 legentis
462 1636 716 1689 „plorabilis”
756 1637 819 1676 vel
860 1636 1115 1687 „durabilis'’,
1156 1648 1227 1676 nee
1266 1648 1345 1676 non
1370 1635 1538 1677 Scholtii

254 1727 380 1766 nuper
407 1715 661 1767 proponentis
691 1714 974 1765 ⁷,miserabilis''
1006 1715 1069 1753 vel
1109 1714 1351 1764 „mirabilis”
1382 1716 1536 1754 iaceant

254 1805 411 1834 neeesse
440 1794 504 1834 sit.
548 1793 726 1834 Eandem
754 1793 804 1834 ob
836 1805 994 1834 causam
1017 1792 1317 1845 improbandum
1346 1797 1405 1833 est
1432 1793 1538 1845 quod

254 1871 513 1911 Hcinrichius
532 1871 560 1924 ¹)
606 1872 753 1911 voluit:
796 1876 865 1922 „ut
906 1871 1081 1911 vindicta
1122 1872 1174 1910 sit
1214 1872 1375 1922 gravior
1416 1884 1536 1922 quam

251 1950 399 1992 iniuria
426 1950 654 1992 curabilis.⁷'

309 2028 496 2081 Denique
524 2034 737 2080 utrumque
760 2028 997 2068 adiectivum
1016 2028 1252 2078 „curabilis”
1269 2033 1308 2067 et
1325 2015 1535 2079 „gravier”

252 2106 521 2158 praedicative
559 2107 730 2160 positum
768 2120 872 2157 esse,
913 2107 969 2146 ita
995 2111 1040 2147 ut
1067 2106 1236 2146 alterum
1263 2106 1458 2158 pertineat
1486 2106 1537 2147 ad

253 2184 439 2235 militem,
470 2186 640 2225 alterum
669 2184 719 2224 ad
747 2184 892 2233 civem,
924 2184 1035 2224 nullo
1059 2184 1172 2224 modo
1188 2184 1314 2223 ausim
1329 2184 1535 2224 affirmare.

254 2262 452 2314 Equidem
504 2264 598 2304 huie
644 2263 869 2304 difficultati
910 2263 1067 2303 obviam
1109 2263 1167 2302 ire
1210 2267 1248 2302 et
1278 2262 1446 2313 mederi,
1492 2268 1537 2304 ut

251 2351 386 2392 spero,
445 2340 566 2381 velim
609 2340 857 2381 enarratione
898 2340 1034 2392 aliqua
1075 2351 1124 2378 ex
1167 2344 1278 2391 parte
1319 2339 1476 2380 diversa
1512 2353 1537 2380 a

300 2506 325 2547 ¹)
349 2507 371 2539 l.
394 2508 415 2539 l.
440 2507 514 2540 Vol.
539 2508 577 2540 II
602 2518 677 2551 pag.
701 2508 764 2539 523
789 2518 857 2550 sqq.
