1816 2954
859 181 902 213 49

238 283 288 324 ad
326 284 499 336 inopiam
527 262 728 324 redactum
756 296 860 334 esse,
900 289 939 324 et
968 297 1017 324 ex
1046 284 1225 336 qualibet
1255 284 1394 335 lingua
1422 285 1526 324 locu-

237 362 365 402 tiones
391 362 555 401 eandem
583 362 817 402 sententiam
845 362 993 402 eisdem
1016 363 1098 401 fere
1115 362 1246 401 verbis
1262 362 1527 413 exprimentes

236 440 322 492 erui
374 439 553 494 possunt)
598 440 826 481 adhibuisse
870 440 1113 480 crediderim.
1168 439 1284 489 Quod
1327 440 1361 480 si
1403 440 1525 481 statui

237 524 385 571 potest,
422 519 553 559 omnia
581 524 689 558 reeta
717 523 852 586 erunt3
884 525 999 571 poeta
1028 533 1147 559 anum
1176 519 1449 568 libidinosam,
1480 524 1525 559 ut

235 597 393 637 libidini
434 597 622 646 satisfiat,
666 597 715 637 ad
758 598 935 637 homines
976 611 1024 637 ex
1067 599 1185 638 turba
1229 598 1523 649 confugientem

235 675 442 725 describit,
485 680 525 715 et
567 675 641 715 hoc
681 675 797 716 dicit:
839 676 993 727 quoties
1035 677 1107 716 illa
1143 682 1362 716 scortorum
1402 678 1524 716 verba

234 753 551 803 intervenerunt,
589 754 709 793 scorti
746 758 877 806 partes
915 755 1003 805 agis
1040 760 1078 794 et
1117 755 1264 794 infimis
1297 755 1524 795 hominibus

235 831 397 872 uteris.''

288 909 422 949 Pauca
450 910 501 949 ad
529 910 601 949 illa
627 910 837 949 refutanda
865 911 1041 950 sufficere
1070 912 1164 950 mihi
1198 912 1393 951 videntur.
1438 912 1523 951 Pri-

234 1001 340 1029 mum
376 988 481 1041 quod
517 988 601 1041 ipse
639 987 814 1029 Kiaerus
851 988 996 1029 tacitus
1033 989 1198 1040 fatetur,
1240 990 1387 1030 locutio
1423 990 1522 1041 „sub

233 1067 359 1106 lodice
401 1068 555 1106 relicti''
600 1080 671 1119 pro
707 1068 757 1107 iis
796 1068 889 1118 „qui
926 1068 976 1106 ad
1014 1069 1186 1119 inopiam
1226 1069 1375 1108 redacti
1402 1070 1519 1109 sunt''

233 1145 344 1185 nullo
382 1145 540 1185 omnino
578 1145 757 1197 exemplo
794 1145 993 1194 firmatum
1032 1150 1116 1186 tum
1154 1147 1316 1186 interest
1345 1147 1519 1197 aliquid,

232 1223 390 1275 opinor,
430 1223 533 1262 inter
571 1223 748 1262 homines
784 1223 833 1262 de
866 1223 1001 1262 infima
1030 1224 1237 1275 plebecula
1265 1229 1304 1263 et
1333 1237 1399 1263 eos
1428 1225 1518 1275 qui,

232 1306 276 1341 ut
313 1314 418 1341 nunc
456 1301 505 1341 ad
543 1289 716 1353 inopiam
747 1300 945 1352 „redacti”
975 1306 1087 1351 sunt,
1118 1301 1175 1341 ita
1203 1301 1296 1341 olim
1326 1301 1521 1342 honestio-

232 1391 313 1418 rem
350 1380 480 1419 locum
517 1379 792 1429 obtinuerunt,
832 1391 959 1430 neque
989 1392 1079 1419 vero
1109 1380 1318 1431 quisquam
1348 1380 1419 1420 hos
1447 1381 1519 1420 tali

231 1457 345 1497 modo
396 1457 596 1508 designet,
649 1457 726 1497 nisi
776 1458 846 1509 qui
887 1463 1112 1509 praesentes
1153 1458 1288 1498 sordes
1330 1458 1519 1509 dignitati

231 1536 398 1576 amissae
435 1548 630 1588 opponere
659 1535 835 1575 studeat:
872 1535 977 1587 quod
1005 1536 1046 1575 in
1076 1540 1251 1575 nostrum
1282 1536 1411 1576 locum
1441 1550 1519 1577 non

230 1613 347 1653 cadit.
391 1613 468 1653 Sed
505 1619 544 1653 et
582 1614 663 1653 alia
690 1615 868 1663 obstant,
900 1627 990 1653 nam
1018 1615 1279 1654 membrorum
1311 1615 1519 1655 manifesto

229 1692 333 1732 inter
374 1704 415 1732 se
453 1692 741 1744 oppositorum,
781 1704 883 1744 quae
919 1697 1011 1732 sunt
1051 1693 1149 1743 „sub
1189 1692 1340 1732 lodice''
1377 1698 1416 1733 et
1452 1694 1517 1743 „in

228 1770 370 1810 turba'’
412 1770 605 1822 oppositio
644 1771 761 1822 plane
799 1771 964 1810 tollitur.
995 1770 1099 1809 Tum
1133 1771 1324 1810 transitus
1354 1772 1405 1810 ab
1433 1784 1518 1811 sen-

228 1849 373 1889 tentia:
420 1861 522 1899 „non
559 1853 618 1888 est
657 1849 722 1889 hic
759 1861 884 1889 sermo
923 1847 1113 1900 pudicus’'
1148 1848 1198 1888 ad
1227 1848 1337 1888 illam
1369 1850 1519 1899 „uteris

230 1927 327 1966 viris
365 1926 535 1966 infimis”
575 1931 655 1966 tam
692 1928 885 1978 abruptus
918 1931 996 1975 est,
1028 1931 1072 1965 ut
1102 1926 1201 1964 nihil
1231 1939 1352 1978 supra
1382 1929 1516 1978 possit.

229 2005 306 2046 Sed
335 2005 441 2057 quod
469 2005 629 2046 maioris
657 2005 842 2046 momenti
866 2010 944 2054 est,
976 2004 1170 2045 sententia
1197 2005 1263 2056 „in
1278 2005 1398 2045 turba
1411 2006 1517 2058 quod

227 2086 331 2125 enim
360 2098 438 2125 non
466 2085 612 2125 excitet
640 2086 789 2137 inguen
798 2084 842 2125 ‘?⁷'
874 2084 1017 2124 stolida
1045 2090 1104 2124 est
1128 2090 1166 2123 et
1181 2085 1364 2125 absurda.
1395 2085 1519 2125 Poeta

227 2165 331 2204 enim
358 2164 507 2204 diceret
535 2165 709 2204 vetulam
739 2163 978 2216 pauperibus
1007 2163 1086 2212 uti,
1119 2163 1224 2214 quod
1254 2163 1293 2202 hi
1325 2164 1518 2215 imprimis

226 2242 475 2282 deleniantur
511 2254 610 2282 anus
634 2241 869 2282 libidinosae
898 2240 1044 2280 blanda
1073 2241 1188 2280 voce!
1220 2247 1410 2293 tanquam
1440 2242 1516 2281 viri

226 2332 418 2373 pauperes
447 2325 607 2373 propter
634 2320 817 2370 delicias,
834 2324 875 2359 at
891 2332 968 2359 non
989 2319 1157 2371 pecunia
1177 2319 1382 2360 sollicitati
1397 2333 1516 2359 anum

226 2399 373 2439 adituri
402 2399 502 2439 sint!
534 2398 578 2439 Si
605 2398 759 2451 aliquid
789 2398 1012 2438 addendum
1026 2403 1105 2448 est,
1122 2399 1260 2449 quaeri
1276 2404 1404 2451 potest
1419 2400 1516 2451 quid

225 2478 299 2517 sibi
346 2478 441 2517 velit
480 2478 579 2518 illud
625 2477 787 2528 „modo‘y
828 2489 914 2517 cum
957 2477 1152 2528 praesenti
1196 2479 1304 2516 verbi
1344 2485 1516 2530 tempore
