1816 2954
905 228 947 260 74

282 331 376 384 (non
413 332 462 372 de
499 331 593 372 ludo
630 331 868 383 gladiatorio
906 331 1059 384 verum)
1099 331 1317 382 „figurate”
1348 332 1454 372 dicta
1483 345 1567 373 esse

279 424 440 452 monens
468 410 602 451 Madv.
632 410 762 462 potuit
789 422 1002 462 provocare
1029 409 1079 449 ad
1104 422 1260 450 versum
1275 410 1394 451 huius
1407 415 1566 452 saturae

279 491 342 530 85.
382 488 532 529 Contra
568 488 746 540 Ruperto
782 493 821 529 et
859 488 1072 528 Weidnero
1114 488 1314 529 adsentior
1342 489 1566 530 delentibus

277 580 435 608 versum
464 569 542 607 194
569 579 617 606 ea
643 566 853 619 praecipue
866 566 916 606 de
935 579 1074 616 causa,
1090 566 1196 618 quod
1210 566 1276 607 hic
1291 580 1429 608 versus
1443 568 1566 608 verba

280 647 415 697 „nullo
442 650 607 697 cogente
636 644 818 685 Nerone'’
848 644 1004 685 divellit
1032 658 1056 684 a
1085 657 1201 685 versu
1232 646 1329 696 195,
1361 646 1466 697 quod
1482 646 1566 687 ullo

277 725 392 765 modo
419 724 515 764 ferri
547 736 660 776 posse
687 736 848 776 prorsus
875 724 1116 775 negaverim.

331 803 410 842 Illa
436 803 494 842 ita
516 814 601 842 esse
628 801 858 853 Madvigius
885 806 1091 854 postquam
1120 801 1310 852 ostendit,
1341 802 1391 841 ad
1407 815 1564 842 versum

278 884 353 921 199
392 880 560 930 accedit,
601 892 718 930 quem
755 880 813 920 sic
849 884 1028 919 enarrat:
1067 880 1295 930 „Iuvenalis
1322 880 1437 920 dicit:
1467 881 1564 932 quid

275 959 383 999 ultra
409 958 508 999 haec
535 962 684 998 restare
711 957 789 997 nisi
817 957 955 998 ludum
984 958 1151 998 lanistae
1180 962 1219 998 et
1246 958 1434 999 arenam?
1480 958 1565 999 Nec

275 1039 316 1078 id
344 1038 497 1088 deesse3
523 1037 750 1078 Gracchum
778 1050 977 1089 pugnasse
1005 1051 1052 1078 ac
1066 1051 1116 1077 ne
1129 1051 1177 1078 ea
1189 1038 1348 1089 quidem
1363 1042 1564 1078 armatura

275 1128 355 1167 qua
382 1116 504 1155 facies
531 1114 874 1155 absconderetur.''

330 1193 531 1234 Scholtius
549 1197 578 1243 1)
607 1194 753 1243 facem,
784 1205 902 1244 quam
930 1197 969 1232 et
999 1193 1075 1245 ipsi
1103 1194 1292 1245 praetulit
1309 1193 1560 1245 Madvigius,

274 1284 481 1324 spernens,
534 1270 743 1322 densisque
795 1270 967 1311 tenebris
1013 1283 1152 1311 rursus
1191 1275 1310 1324 caput
1352 1271 1561 1312 involvens

275 1354 408 1402 putat,
448 1354 536 1401 post
569 1353 673 1389 artes
709 1349 909 1389 scaenicas
945 1354 985 1389 et
1020 1363 1148 1388 munus
1182 1350 1429 1402 yladiatorium
1456 1349 1558 1389 nihil

273 1433 442 1478 restare,
472 1428 550 1469 nisi
578 1433 623 1469 ut
640 1427 810 1479 „nobilis
823 1428 970 1480 aliquis
985 1428 1047 1468 vir
1061 1432 1250 1480 tauquam
1265 1428 1358 1468 vilis
1372 1428 1557 1468 retiarius

273 1508 315 1547 in
343 1520 503 1547 arenam
532 1506 779 1557 descendat‘’,
808 1511 848 1546 et
876 1507 1021 1547 conicit
1044 1519 1114 1559 pro
1130 1519 1224 1546 voce
1246 1506 1414 1557 „ludus”
1431 1508 1561 1558 legen—

272 1586 365 1626 dum
403 1598 489 1626 esse
528 1584 719 1636 „nudus''‚
753 1584 858 1636 quod
885 1597 936 1625 ex
963 1585 1225 1637 descriptione
1251 1597 1354 1637 quae
1382 1585 1562 1636 sequitur

272 1669 425 1717 pateat,
469 1663 696 1705 Gracchum
747 1667 935 1715 tanquam
981 1663 1186 1704 retiarium
1222 1663 1265 1703 in
1301 1676 1460 1703 arenam
1498 1663 1561 1703 de-

270 1743 478 1783 scendisse.
559 1742 710 1782 Vereor
758 1755 808 1781 ne
857 1742 955 1781 haec
1003 1742 1132 1782 levius
1181 1754 1300 1793 quam
1353 1742 1486 1781 verius
1536 1755 1561 1781 a

272 1819 448 1860 Scholtio
476 1819 583 1859 dicta
609 1819 701 1859 sint.
733 1819 837 1858 Nam
865 1819 900 1858 si
927 1831 1066 1858 revera
1094 1823 1209 1871 poeta
1227 1819 1303 1859 hoc
1315 1819 1557 1871 scripsisset,

270 1899 366 1951 quid
407 1899 484 1939 sibi
521 1899 670 1938 vellent
707 1898 780 1938 illa
819 1910 917 1949 „nec
954 1898 1216 1950 myrmillonis
1253 1898 1295 1937 in
1333 1897 1477 1937 armis”
1520 1903 1560 1937 et

269 1990 372 2030 quae
422 1976 670 2030 sequuntur?
723 1976 866 2017 Nonne
908 1976 1078 2017 oriretur
1119 1976 1328 2018 admodum
1369 1976 1561 2029 languida

268 2056 465 2096 sententia
492 2060 532 2096 et
559 2055 740 2096 insulsa?
768 2055 876 2104 Quid
899 2054 1033 2095 enim?
1064 2054 1174 2095 Haec
1191 2055 1445 2096 haberemus:
1462 2055 1560 2095 haec

269 2135 377 2175 ultra
412 2134 508 2186 quid
545 2134 621 2174 erit
648 2134 726 2174 nisi
751 2133 882 2174 nudus
910 2133 936 2173 i.
967 2146 999 2173 e.
1030 2133 1261 2174 tunicatus?
1300 2133 1355 2174 Et
1382 2133 1467 2174 illic
1495 2133 1558 2173 de-

267 2212 389 2252 decus
416 2212 527 2252 urbis
554 2212 678 2252 habes
705 2212 731 2251 i.
760 2225 793 2251 e.
823 2217 862 2251 et
890 2224 933 2251 re
961 2224 1055 2251 vera
1083 2212 1303 2252 tunicatum
1334 2212 1429 2252 urbs
1459 2212 1559 2251 vidit

268 2294 532 2343 pugnantem,
571 2303 644 2331 nec
680 2290 943 2343 myrmillonis
982 2290 1023 2329 in
1056 2290 1177 2330 armis
1204 2303 1284 2342 eqs.
1331 2290 1459 2342 Ergo:
1489 2291 1558 2342 qui

268 2369 471 2410 tunicatus
499 2373 578 2420 est,
609 2382 688 2410 non
715 2373 775 2409 est
803 2368 1065 2423 myrmillonis
1093 2368 1135 2408 in
1164 2368 1302 2419 armis,
1328 2381 1401 2409 nec
1419 2369 1557 2422 clypeo

316 2543 341 2584 ¹)
363 2544 382 2575 l.
409 2543 429 2575 l.
455 2553 530 2586 pag.
556 2544 599 2575 68
623 2554 690 2587 sqq.
