1816 2954
905 208 948 239 (34

281 316 370 364 post
399 324 556 352 versum
584 313 663 352 460
687 311 793 361 iure,
824 315 870 351 ut
898 310 996 350 mihi
1023 310 1183 361 quidem
1199 310 1571 360 videtur‚maximo.

284 389 522 430 Weidnerus
541 389 569 443 ¹)
615 394 748 429 autem
791 393 1020 429 contextum
1063 402 1087 428 a
1124 388 1326 428 codicibus
1354 388 1574 440 profectum

281 469 446 509 retinuit
482 474 521 508 et
559 472 718 520 propter
742 468 823 507 alia
852 472 890 507 et
918 480 965 507 ea
994 467 1043 507 de
1072 480 1211 517 causa,
1242 467 1348 519 quod
1376 468 1574 507 sententia

283 547 358 598 „ad
396 546 602 586 moechum
639 546 722 586 lota
759 546 925 585 veniunt
953 545 1067 585 cute⁷'
1098 558 1214 585 suum
1243 546 1466 598 oppositum
1495 558 1573 585 non

281 625 457 665 haberet.
489 624 567 664 Sed
582 625 706 664 verba
719 636 821 675 quae
835 628 1057 675 sequuntur
1076 623 1259 675 „quando
1275 624 1362 663 vult
1376 624 1575 664 formonsa

279 702 406 742 videri
429 701 560 742 domi''
600 702 637 741 ei
674 702 855 754 opposita
882 706 995 751 sunt,
1021 705 1060 741 et
1090 701 1148 741 sic
1176 701 1375 754 opposita,
1406 705 1452 742 ut
1480 701 1572 742 inde

278 782 342 821 vel
365 781 645 833 gravissimum
671 781 824 820 oriatur
853 785 1130 832 argumentum
1160 780 1211 820 ad
1236 780 1433 832 Madvigii
1449 785 1572 820 trans-

279 860 512 913 positionem
541 859 796 912 probandam.

333 937 447 979 Haec
488 939 593 978 enim
637 939 759 978 verba
800 938 841 977 in
885 938 1044 989 vulgari
1087 950 1273 979 versuum
1302 938 1459 988 ordine,
1490 950 1569 990 quo

279 1030 394 1058 voces
424 1017 499 1068 „ad
529 1016 733 1057 moechum
761 1017 844 1057 lota
873 1017 1038 1058 veniunt
1062 1016 1177 1058 cute''
1194 1022 1447 1070 opponuntur
1462 1029 1571 1070 prae-

277 1096 529 1144 cedentibus,
570 1107 688 1146 quam
730 1095 901 1134 maxime
938 1100 1031 1134 sunt
1069 1095 1194 1134 otiosa
1230 1100 1270 1135 et
1307 1096 1394 1147 ipsa
1424 1095 1571 1134 femina

277 1174 402 1213 divite
429 1173 755 1213 intolerabiliora.
786 1173 905 1214 Nunc
919 1179 1052 1214 autem
1067 1174 1253 1214 membris
1266 1187 1336 1226 per
1350 1174 1570 1227 asyndeton

277 1252 572 1292 adversativum
597 1251 738 1304 positis
753 1251 963 1292 habemus:
997 1251 1072 1303 „ad
1087 1252 1291 1292 moechum
1307 1252 1473 1292 veniunt
1487 1252 1570 1292 lota

278 1336 389 1380 cute,
420 1330 489 1370 sed
517 1330 678 1381 quando
706 1335 799 1371 sunt
828 1331 1022 1371 formosae
1049 1330 1210 1370 domi?'’

785 1516 853 1549 VS.
876 1517 1062 1548 479—480.

629 1649 695 1689 hic
722 1649 873 1700 frangit
897 1649 1065 1698 ferulas,
1097 1649 1212 1689 rubet
1239 1649 1309 1688 ille
1336 1649 1517 1701 flagello,

330 1729 396 1769 hic
418 1728 589 1778 scutica3
621 1733 714 1769 sunt
743 1740 847 1780 quae
876 1728 1094 1768 tortoribus
1121 1741 1255 1769 annua
1283 1733 1494 1780 praestent.

329 1886 536 1927 Sententia
576 1898 680 1937 quae
722 1886 863 1938 incipit
905 1899 930 1926 a
975 1890 1093 1936 „sunt
1129 1886 1257 1938 quae'⁷
1301 1885 1569 1937 intellegenda

274 1977 360 2005 esse
401 1964 499 2004 mihi
538 1963 696 2004 videtur
739 1964 788 2004 de
830 1964 1009 2014 ancillis,
1055 1976 1154 2013 non,
1198 1969 1243 2005 ut
1272 1965 1395 2016 vulgo
1423 1964 1487 2014 fit,
1519 1964 1568 2004 de

253 2031 464 2092 dominis,
494 2042 601 2094 quod
629 2055 678 2082 ne
706 2042 838 2092 fieret,
869 2056 894 2082 a
914 2047 1030 2094 poeta
1044 2047 1202 2082 cautum
1220 2047 1279 2082 est
1293 2043 1567 2094 pronominum

274 2121 541 2174 oppositione:
573 2121 638 2161 hic
667 2145 720 2150 —
749 2121 837 2170 ille,
869 2120 935 2161 hic
966 2145 1016 2149 —
1045 2125 1139 2161 sunt
1166 2133 1281 2173 quae.
1312 2120 1373 2161 Of.
1400 2120 1482 2162 Sat.
1499 2121 1567 2161 III

274 2201 351 2240 245
364 2231 373 2248 ‚
406 2199 468 2238 VI
493 2201 556 2238 64.
588 2198 653 2238 De
678 2211 774 2238 voce
810 2198 1034 2250 „praestat”
1066 2203 1105 2238 et
1133 2198 1230 2250 quid
1245 2199 1332 2239 eius
1345 2199 1566 2239 subiectum

273 2280 345 2328 sit,
375 2278 467 2318 vide
495 2277 577 2319 Sat.
608 2277 692 2318 VII
725 2279 814 2318 106.
858 2277 1000 2329 Itaque
1028 2281 1117 2330 post
1148 2277 1346 2328 „scutica”
1376 2283 1566 2318 commate

273 2340 526 2398 incidendum
555 2361 626 2397 est.

322 2520 348 2560 ¹)
370 2520 389 2550 l.
418 2519 439 2551 l.
464 2529 538 2562 pag.
565 2520 637 2550 155.
