<?xml version="1.0" encoding="UTF-8"?>
<!DOCTYPE html PUBLIC "-//W3C//DTD XHTML 1.0 Transitional//EN"
    "http://www.w3.org/TR/xhtml1/DTD/xhtml1-transitional.dtd">
<html xmlns="http://www.w3.org/1999/xhtml" xml:lang="en" lang="en">
 <head>
  <title>
</title>
<meta http-equiv="Content-Type" content="text/html;charset=utf-8" />
  <meta name='ocr-system' content='tesseract 3.04.00' />
  <meta name='ocr-capabilities' content='ocr_page ocr_carea ocr_par ocr_line ocrx_word'/>
</head>
<body>
  <div class='ocr_page' id='page_1' title='image "./4771781_0054.png"; bbox 0 0 1816 2954; ppageno 0'>
   <div class='ocr_carea' id='block_1_1' title="bbox 859 276 901 306">
    <p class='ocr_par' dir='ltr' id='par_1_1' title="bbox 859 276 901 306">
     <span class='ocr_line' id='line_1_1' title="bbox 859 276 901 306; baseline 0 0"><span class='ocrx_word' id='word_1_1' title='bbox 859 276 901 306; x_wconf 77' lang='lat'>46</span> 
     </span>
    </p>
   </div>
   <div class='ocr_carea' id='block_1_2' title="bbox 219 378 1519 1530">
    <p class='ocr_par' dir='ltr' id='par_1_2' title="bbox 219 378 1517 1295">
     <span class='ocr_line' id='line_1_2' title="bbox 219 378 1515 431; baseline 0 -13"><span class='ocrx_word' id='word_1_2' title='bbox 219 379 389 418; x_wconf 89' lang='lat' dir='ltr'>feminae</span> <span class='ocrx_word' id='word_1_3' title='bbox 426 379 646 426; x_wconf 82' lang='lat' dir='ltr'>modestae,</span> <span class='ocrx_word' id='word_1_4' title='bbox 687 384 779 419; x_wconf 89' lang='lat' dir='ltr'>sunt</span> <span class='ocrx_word' id='word_1_5' title='bbox 808 379 986 419; x_wconf 89' lang='lat' dir='ltr'>mulieris</span> <span class='ocrx_word' id='word_1_6' title='bbox 1010 378 1112 419; x_wconf 90' lang='lat' dir='ltr'>nihil</span> <span class='ocrx_word' id='word_1_7' title='bbox 1141 379 1217 419; x_wconf 91' lang='lat' dir='ltr'>sibi</span> <span class='ocrx_word' id='word_1_8' title='bbox 1247 378 1515 431; x_wconf 79' lang='lat' dir='ltr'>postulantis?</span> 
     </span>
     <span class='ocr_line' id='line_1_3' title="bbox 221 455 1516 509; baseline -0.001 -12"><span class='ocrx_word' id='word_1_9' title='bbox 221 455 264 497; x_wconf 82' lang='lat' dir='ltr'>Si</span> <span class='ocrx_word' id='word_1_10' title='bbox 304 457 408 497; x_wconf 86' lang='lat' dir='ltr'>enim</span> <span class='ocrx_word' id='word_1_11' title='bbox 447 457 661 509; x_wconf 84' lang='lat' dir='ltr'><strong>diligenter</strong></span> <span class='ocrx_word' id='word_1_12' title='bbox 699 456 750 497; x_wconf 91' lang='lat' dir='ltr'>ad</span> <span class='ocrx_word' id='word_1_13' title='bbox 780 457 902 497; x_wconf 88' lang='lat' dir='ltr'>verba</span> <span class='ocrx_word' id='word_1_14' title='bbox 932 456 1124 507; x_wconf 87' lang='lat' dir='ltr'>attendis,</span> <span class='ocrx_word' id='word_1_15' title='bbox 1155 457 1439 497; x_wconf 84' lang='lat' dir='ltr'>animadvertis</span> <span class='ocrx_word' id='word_1_16' title='bbox 1467 456 1516 496; x_wconf 92' lang='lat' dir='ltr'>de</span> 
     </span>
     <span class='ocr_line' id='line_1_4' title="bbox 220 535 1517 586; baseline 0 -12"><span class='ocrx_word' id='word_1_17' title='bbox 220 536 456 575; x_wconf 87' lang='lat' dir='ltr'>mulieribus</span> <span class='ocrx_word' id='word_1_18' title='bbox 499 548 716 575; x_wconf 89' lang='lat' dir='ltr'>sermonem</span> <span class='ocrx_word' id='word_1_19' title='bbox 759 548 864 585; x_wconf 72' lang='lat' dir='ltr'>esse,</span> <span class='ocrx_word' id='word_1_20' title='bbox 908 547 1011 586; x_wconf 90' lang='lat' dir='ltr'>quae</span> <span class='ocrx_word' id='word_1_21' title='bbox 1053 536 1235 575; x_wconf 90' lang='lat' dir='ltr'>omnibus</span> <span class='ocrx_word' id='word_1_22' title='bbox 1264 535 1390 575; x_wconf 90' lang='lat' dir='ltr'>modis</span> <span class='ocrx_word' id='word_1_23' title='bbox 1419 536 1517 574; x_wconf 86' lang='lat' dir='ltr'>viris</span> 
     </span>
     <span class='ocr_line' id='line_1_5' title="bbox 221 612 1516 667; baseline 0 -13"><span class='ocrx_word' id='word_1_24' title='bbox 221 615 377 666; x_wconf 89' lang='lat' dir='ltr'>placere</span> <span class='ocrx_word' id='word_1_25' title='bbox 406 614 580 667; x_wconf 89' lang='lat' dir='ltr'>cupiant.</span> <span class='ocrx_word' id='word_1_26' title='bbox 614 614 716 655; x_wconf 88' lang='lat' dir='ltr'>Nam</span> <span class='ocrx_word' id='word_1_27' title='bbox 746 627 827 666; x_wconf 90' lang='lat' dir='ltr'>qua</span> <span class='ocrx_word' id='word_1_28' title='bbox 855 627 898 655; x_wconf 92' lang='lat' dir='ltr'>re</span> <span class='ocrx_word' id='word_1_29' title='bbox 926 627 1145 655; x_wconf 90' lang='lat' dir='ltr'>sermonem</span> <span class='ocrx_word' id='word_1_30' title='bbox 1175 612 1375 656; x_wconf 80' lang='lat' dir='ltr'>Graecum</span> <span class='ocrx_word' id='word_1_31' title='bbox 1405 614 1516 655; x_wconf 86' lang='lat' dir='ltr'>affec-</span> 
     </span>
     <span class='ocr_line' id='line_1_6' title="bbox 221 691 1516 742; baseline 0 -10"><span class='ocrx_word' id='word_1_32' title='bbox 221 692 335 732; x_wconf 76' lang='lat' dir='ltr'>tant?</span> <span class='ocrx_word' id='word_1_33' title='bbox 379 691 496 742; x_wconf 80' lang='lat' dir='ltr'>Quod</span> <span class='ocrx_word' id='word_1_34' title='bbox 539 693 657 733; x_wconf 91' lang='lat' dir='ltr'>aliter</span> <span class='ocrx_word' id='word_1_35' title='bbox 694 694 887 733; x_wconf 80' lang='lat' dir='ltr'>formosae</span> <span class='ocrx_word' id='word_1_36' title='bbox 926 706 1003 733; x_wconf 92' lang='lat' dir='ltr'>non</span> <span class='ocrx_word' id='word_1_37' title='bbox 1043 698 1135 733; x_wconf 90' lang='lat' dir='ltr'>sunt</span> <span class='ocrx_word' id='word_1_38' title='bbox 1174 693 1199 732; x_wconf 90' lang='lat' dir='ltr'>i.</span> <span class='ocrx_word' id='word_1_39' title='bbox 1239 706 1271 732; x_wconf 90' lang='lat' dir='ltr'>e.</span> <span class='ocrx_word' id='word_1_40' title='bbox 1313 692 1409 733; x_wconf 91' lang='lat' dir='ltr'>viris</span> <span class='ocrx_word' id='word_1_41' title='bbox 1439 706 1516 733; x_wconf 86' lang='lat' dir='ltr'>uon</span> 
     </span>
     <span class='ocr_line' id='line_1_7' title="bbox 221 772 1516 824; baseline 0.001 -14"><span class='ocrx_word' id='word_1_42' title='bbox 221 772 390 823; x_wconf 88' lang='lat' dir='ltr'>placent.</span> <span class='ocrx_word' id='word_1_43' title='bbox 435 773 652 824; x_wconf 86' lang='lat' dir='ltr'>Propterea</span> <span class='ocrx_word' id='word_1_44' title='bbox 689 772 899 823; x_wconf 86' lang='lat' dir='ltr'>quaepiam</span> <span class='ocrx_word' id='word_1_45' title='bbox 937 784 1091 811; x_wconf 92' lang='lat' dir='ltr'>summo</span> <span class='ocrx_word' id='word_1_46' title='bbox 1120 772 1251 811; x_wconf 90' lang='lat' dir='ltr'>studio</span> <span class='ocrx_word' id='word_1_47' title='bbox 1281 772 1445 812; x_wconf 86' lang='lat' dir='ltr'>enititur</span> <span class='ocrx_word' id='word_1_48' title='bbox 1472 777 1516 811; x_wconf 88' lang='lat' dir='ltr'>ut</span> 
     </span>
     <span class='ocr_line' id='line_1_8' title="bbox 220 850 1516 903; baseline 0.001 -14"><span class='ocrx_word' id='word_1_49' title='bbox 220 863 269 889; x_wconf 83' lang='lat' dir='ltr'>ex</span> <span class='ocrx_word' id='word_1_50' title='bbox 298 850 478 890; x_wconf 86' lang='lat' dir='ltr'>Tuscula</span> <span class='ocrx_word' id='word_1_51' title='bbox 506 851 531 890; x_wconf 92' lang='lat' dir='ltr'>i.</span> <span class='ocrx_word' id='word_1_52' title='bbox 562 863 595 890; x_wconf 93' lang='lat' dir='ltr'>e.</span> <span class='ocrx_word' id='word_1_53' title='bbox 627 863 676 890; x_wconf 83' lang='lat' dir='ltr'>ex</span> <span class='ocrx_word' id='word_1_54' title='bbox 694 850 853 894; x_wconf 76' lang='lat' dir='ltr'>vfemina</span> <span class='ocrx_word' id='word_1_55' title='bbox 875 850 1067 902; x_wconf 82' lang='lat' dir='ltr'>simplici,</span> <span class='ocrx_word' id='word_1_56' title='bbox 1094 850 1269 900; x_wconf 90' lang='lat' dir='ltr'>decenti,</span> <span class='ocrx_word' id='word_1_57' title='bbox 1297 850 1421 890; x_wconf 87' lang='lat' dir='ltr'>malas</span> <span class='ocrx_word' id='word_1_58' title='bbox 1436 850 1516 903; x_wconf 89' lang='lat' dir='ltr'>pla-</span> 
     </span>
     <span class='ocr_line' id='line_1_9' title="bbox 219 927 1515 981; baseline -0.001 -13"><span class='ocrx_word' id='word_1_59' title='bbox 219 927 334 968; x_wconf 84' lang='lat' dir='ltr'>cendi</span> <span class='ocrx_word' id='word_1_60' title='bbox 372 933 478 968; x_wconf 90' lang='lat' dir='ltr'>artes</span> <span class='ocrx_word' id='word_1_61' title='bbox 516 928 744 981; x_wconf 87' lang='lat' dir='ltr'>aspernanti</span> <span class='ocrx_word' id='word_1_62' title='bbox 788 927 909 981; x_wconf 91' lang='lat' dir='ltr'>(quod</span> <span class='ocrx_word' id='word_1_63' title='bbox 939 928 1100 980; x_wconf 82' lang='lat' dir='ltr'>egregie</span> <span class='ocrx_word' id='word_1_64' title='bbox 1129 928 1346 968; x_wconf 88' lang='lat' dir='ltr'>affirmatur</span> <span class='ocrx_word' id='word_1_65' title='bbox 1377 928 1515 980; x_wconf 87' lang='lat' dir='ltr'>Epigr.</span> 
     </span>
     <span class='ocr_line' id='line_1_10' title="bbox 221 1007 1517 1057; baseline 0.002 -12"><span class='ocrx_word' id='word_1_66' title='bbox 221 1007 338 1046; x_wconf 87' lang='lat' dir='ltr'>Mart.</span> <span class='ocrx_word' id='word_1_67' title='bbox 383 1007 425 1045; x_wconf 91' lang='lat' dir='ltr'>X</span> <span class='ocrx_word' id='word_1_68' title='bbox 466 1009 539 1056; x_wconf 85' lang='grc'>68,</span> <span class='ocrx_word' id='word_1_69' title='bbox 579 1019 659 1057; x_wconf 90' lang='lat' dir='ltr'>quo</span> <span class='ocrx_word' id='word_1_70' title='bbox 697 1007 783 1046; x_wconf 92' lang='lat' dir='ltr'>loco</span> <span class='ocrx_word' id='word_1_71' title='bbox 826 1007 874 1046; x_wconf 92' lang='lat' dir='ltr'>de</span> <span class='ocrx_word' id='word_1_72' title='bbox 912 1007 1108 1046; x_wconf 80' lang='lat' dir='ltr'>consimili</span> <span class='ocrx_word' id='word_1_73' title='bbox 1147 1007 1357 1047; x_wconf 88' lang='lat' dir='ltr'>mulierum</span> <span class='ocrx_word' id='word_1_74' title='bbox 1386 1007 1517 1047; x_wconf 90' lang='lat' dir='ltr'>studio</span> 
     </span>
     <span class='ocr_line' id='line_1_11' title="bbox 220 1084 1517 1139; baseline 0.002 -14"><span class='ocrx_word' id='word_1_75' title='bbox 220 1086 356 1136; x_wconf 90' lang='lat' dir='ltr'>agitur</span> <span class='ocrx_word' id='word_1_76' title='bbox 368 1084 394 1139; x_wconf 83' lang='lat'>,)</span> <span class='ocrx_word' id='word_1_77' title='bbox 426 1098 476 1126; x_wconf 82' lang='lat' dir='ltr'>ex</span> <span class='ocrx_word' id='word_1_78' title='bbox 504 1085 685 1126; x_wconf 90' lang='lat' dir='ltr'>Tuscula</span> <span class='ocrx_word' id='word_1_79' title='bbox 713 1085 821 1134; x_wconf 81' lang='lat' dir='ltr'>dico,</span> <span class='ocrx_word' id='word_1_80' title='bbox 854 1084 1056 1127; x_wconf 83' lang='lat' dir='ltr'>Graecula</span> <span class='ocrx_word' id='word_1_81' title='bbox 1084 1085 1154 1126; x_wconf 90' lang='lat' dir='ltr'>fiat</span> <span class='ocrx_word' id='word_1_82' title='bbox 1183 1085 1207 1125; x_wconf 89' lang='lat' dir='ltr'>i.</span> <span class='ocrx_word' id='word_1_83' title='bbox 1239 1098 1271 1126; x_wconf 90' lang='lat' dir='ltr'>e.</span> <span class='ocrx_word' id='word_1_84' title='bbox 1302 1085 1517 1127; x_wconf 81' lang='lat' dir='ltr'>secundum</span> 
     </span>
     <span class='ocr_line' id='line_1_12' title="bbox 220 1163 1515 1216; baseline 0 -13"><span class='ocrx_word' id='word_1_85' title='bbox 220 1163 426 1204; x_wconf 89' lang='lat' dir='ltr'>Iuvenalis</span> <span class='ocrx_word' id='word_1_86' title='bbox 455 1164 504 1204; x_wconf 90' lang='lat' dir='ltr'>de</span> <span class='ocrx_word' id='word_1_87' title='bbox 534 1163 703 1205; x_wconf 81' lang='lat' dir='ltr'>Graecis</span> <span class='ocrx_word' id='word_1_88' title='bbox 731 1165 956 1216; x_wconf 89' lang='lat' dir='ltr'>opinionem</span> <span class='ocrx_word' id='word_1_89' title='bbox 972 1164 1254 1214; x_wconf 88' lang='lat' dir='ltr'>feminalevis,</span> <span class='ocrx_word' id='word_1_90' title='bbox 1286 1164 1515 1210; x_wconf 81' lang='lat' dir='ltr'>inhonesta,</span> 
     </span>
     <span class='ocr_line' id='line_1_13' title="bbox 220 1242 1293 1295; baseline 0 -13"><span class='ocrx_word' id='word_1_91' title='bbox 220 1243 433 1295; x_wconf 87' lang='lat' dir='ltr'>impudica.</span> <span class='ocrx_word' id='word_1_92' title='bbox 465 1242 528 1284; x_wconf 86' lang='lat' dir='ltr'>Cf.</span> <span class='ocrx_word' id='word_1_93' title='bbox 560 1256 616 1283; x_wconf 87' lang='lat' dir='ltr'>vs.</span> <span class='ocrx_word' id='word_1_94' title='bbox 650 1246 747 1283; x_wconf 84' lang='lat'>191:</span> <span class='ocrx_word' id='word_1_95' title='bbox 782 1244 1072 1294; x_wconf 78' lang='lat' dir='ltr'>„concumbunt</span> <span class='ocrx_word' id='word_1_96' title='bbox 1101 1242 1293 1283; x_wconf 79' lang='lat' dir='ltr'>Graece.&#39;&#39;</span> 
     </span>
    </p>

    <p class='ocr_par' dir='ltr' id='par_1_3' title="bbox 220 1321 1519 1530">
     <span class='ocr_line' id='line_1_14' title="bbox 278 1321 1519 1373; baseline -0.002 -11"><span class='ocrx_word' id='word_1_97' title='bbox 278 1321 539 1373; x_wconf 78' lang='lat' dir='ltr'>⁷,Quaedam’&#39;</span> <span class='ocrx_word' id='word_1_98' title='bbox 571 1322 698 1373; x_wconf 91' lang='lat' dir='ltr'>igitur</span> <span class='ocrx_word' id='word_1_99' title='bbox 726 1322 775 1361; x_wconf 90' lang='lat' dir='ltr'>de</span> <span class='ocrx_word' id='word_1_100' title='bbox 804 1323 922 1361; x_wconf 89' lang='lat' dir='ltr'>rebus</span> <span class='ocrx_word' id='word_1_101' title='bbox 950 1321 1261 1372; x_wconf 88' lang='lat' dir='ltr'>intellegendum</span> <span class='ocrx_word' id='word_1_102' title='bbox 1287 1326 1366 1360; x_wconf 88' lang='lat' dir='ltr'>est:</span> <span class='ocrx_word' id='word_1_103' title='bbox 1395 1321 1519 1371; x_wconf 87' lang='lat' dir='ltr'>„vitia</span> 
     </span>
     <span class='ocr_line' id='line_1_15' title="bbox 220 1400 1505 1452; baseline -0.001 -12"><span class='ocrx_word' id='word_1_104' title='bbox 220 1401 440 1452; x_wconf 83' lang='lat' dir='ltr'>quaedam,</span> <span class='ocrx_word' id='word_1_105' title='bbox 481 1401 666 1452; x_wconf 90' lang='lat' dir='ltr'>quamvis</span> <span class='ocrx_word' id='word_1_106' title='bbox 705 1413 829 1452; x_wconf 87' lang='lat' dir='ltr'>parva</span> <span class='ocrx_word' id='word_1_107' title='bbox 857 1413 941 1440; x_wconf 88' lang='lat' dir='ltr'>esse</span> <span class='ocrx_word' id='word_1_108' title='bbox 971 1400 1199 1449; x_wconf 81' lang='lat' dir='ltr'>videantur,</span> <span class='ocrx_word' id='word_1_109' title='bbox 1230 1405 1361 1439; x_wconf 90' lang='lat' dir='ltr'>tamen</span> <span class='ocrx_word' id='word_1_110' title='bbox 1389 1412 1413 1439; x_wconf 90' lang='lat' dir='ltr'>a</span> <span class='ocrx_word' id='word_1_111' title='bbox 1441 1412 1505 1439; x_wconf 91' lang='lat' dir='ltr'>ma</span> 
     </span>
     <span class='ocr_line' id='line_1_16' title="bbox 222 1478 775 1530; baseline 0 -11"><span class='ocrx_word' id='word_1_112' title='bbox 222 1480 311 1519; x_wconf 87' lang='lat' dir='ltr'>ritis</span> <span class='ocrx_word' id='word_1_113' title='bbox 340 1479 503 1519; x_wconf 87' lang='lat' dir='ltr'>tolerari</span> <span class='ocrx_word' id='word_1_114' title='bbox 533 1478 775 1530; x_wconf 89' lang='lat' dir='ltr'>nequeunt.”</span> 
     </span>
    </p>
   </div>
   <div class='ocr_carea' id='block_1_3' title="bbox 736 1676 1010 1708">
    <p class='ocr_par' dir='ltr' id='par_1_4' title="bbox 736 1676 1010 1708">
     <span class='ocr_line' id='line_1_17' title="bbox 736 1676 1010 1708; baseline -0.004 0"><span class='ocrx_word' id='word_1_115' title='bbox 736 1676 801 1708; x_wconf 76' lang='lat' dir='ltr'>VS.</span> <span class='ocrx_word' id='word_1_116' title='bbox 829 1677 1010 1708; x_wconf 85' lang='lat'>192—199.</span> 
     </span>
    </p>
   </div>
   <div class='ocr_carea' id='block_1_4' title="bbox 275 1814 1520 2417">
    <p class='ocr_par' dir='ltr' id='par_1_5' title="bbox 277 1814 1444 1945">
     <span class='ocr_line' id='line_1_18' title="bbox 277 1814 1439 1866; baseline -0.001 -12"><span class='ocrx_word' id='word_1_117' title='bbox 277 1815 401 1854; x_wconf 85' lang='lat' dir='ltr'>Tune</span> <span class='ocrx_word' id='word_1_118' title='bbox 439 1815 580 1864; x_wconf 85' lang='lat' dir='ltr'>etiam,</span> <span class='ocrx_word' id='word_1_119' title='bbox 611 1827 730 1866; x_wconf 86' lang='lat' dir='ltr'>quam</span> <span class='ocrx_word' id='word_1_120' title='bbox 760 1819 897 1854; x_wconf 83' lang='lat' dir='ltr'>sextus</span> <span class='ocrx_word' id='word_1_121' title='bbox 925 1819 964 1854; x_wconf 90' lang='lat' dir='ltr'>et</span> <span class='ocrx_word' id='word_1_122' title='bbox 992 1814 1284 1866; x_wconf 86' lang='lat' dir='ltr'>octogensimus</span> <span class='ocrx_word' id='word_1_123' title='bbox 1311 1826 1439 1853; x_wconf 91' lang='lat' dir='ltr'>annus</span> 
     </span>
     <span class='ocr_line' id='line_1_19' title="bbox 278 1893 1444 1945; baseline -0.001 -12"><span class='ocrx_word' id='word_1_124' title='bbox 278 1894 429 1945; x_wconf 81' lang='lat' dir='ltr'>pulsat,</span> <span class='ocrx_word' id='word_1_125' title='bbox 471 1894 602 1933; x_wconf 90' lang='lat' dir='ltr'>adhuc</span> <span class='ocrx_word' id='word_1_126' title='bbox 625 1893 797 1944; x_wconf 76' lang='lat' dir='ltr'>graece?</span> <span class='ocrx_word' id='word_1_127' title='bbox 827 1906 905 1933; x_wconf 91' lang='lat' dir='ltr'>non</span> <span class='ocrx_word' id='word_1_128' title='bbox 935 1899 994 1932; x_wconf 90' lang='lat' dir='ltr'>est</span> <span class='ocrx_word' id='word_1_129' title='bbox 1026 1893 1093 1933; x_wconf 90' lang='lat' dir='ltr'>hic</span> <span class='ocrx_word' id='word_1_130' title='bbox 1120 1905 1246 1932; x_wconf 89' lang='lat' dir='ltr'>sermo</span> <span class='ocrx_word' id='word_1_131' title='bbox 1276 1893 1444 1944; x_wconf 90' lang='lat' dir='ltr'>pudicus</span> 
     </span>
    </p>

    <p class='ocr_par' dir='ltr' id='par_1_6' title="bbox 277 1970 1334 2021">
     <span class='ocr_line' id='line_1_20' title="bbox 277 1970 1334 2021; baseline -0.001 -10"><span class='ocrx_word' id='word_1_132' title='bbox 277 1973 318 2011; x_wconf 93' lang='lat' dir='ltr'>in</span> <span class='ocrx_word' id='word_1_133' title='bbox 348 1973 495 2012; x_wconf 89' lang='lat' dir='ltr'>vetula.</span> <span class='ocrx_word' id='word_1_134' title='bbox 542 1971 738 2021; x_wconf 79' lang='lat' dir='ltr'>Quotiens</span> <span class='ocrx_word' id='word_1_135' title='bbox 767 1972 960 2012; x_wconf 89' lang='lat' dir='ltr'>lascivum</span> <span class='ocrx_word' id='word_1_136' title='bbox 991 1971 1204 2011; x_wconf 87' lang='lat' dir='ltr'>intervenit</span> <span class='ocrx_word' id='word_1_137' title='bbox 1232 1970 1334 2011; x_wconf 90' lang='lat' dir='ltr'>illud</span> 
     </span>
    </p>

    <p class='ocr_par' dir='ltr' id='par_1_7' title="bbox 279 2049 1172 2102">
     <span class='ocr_line' id='line_1_21' title="bbox 279 2049 1172 2102; baseline 0 -13"><span class='ocrx_word' id='word_1_138' title='bbox 279 2058 344 2095; x_wconf 74' lang='grc' dir='ltr'>ζωὴ</span> <span class='ocrx_word' id='word_1_139' title='bbox 374 2061 426 2089; x_wconf 72' lang='grc' dir='ltr'>καὶ</span> <span class='ocrx_word' id='word_1_140' title='bbox 452 2055 562 2102; x_wconf 73' lang='grc' dir='ltr'>ψυχή,</span> <span class='ocrx_word' id='word_1_141' title='bbox 591 2050 706 2090; x_wconf 88' lang='lat' dir='ltr'>modo</span> <span class='ocrx_word' id='word_1_142' title='bbox 744 2050 818 2090; x_wconf 90' lang='lat' dir='ltr'>sub</span> <span class='ocrx_word' id='word_1_143' title='bbox 856 2049 984 2090; x_wconf 91' lang='lat' dir='ltr'>lodice</span> <span class='ocrx_word' id='word_1_144' title='bbox 1022 2049 1172 2089; x_wconf 89' lang='lat' dir='ltr'>relictis</span> 
     </span>
    </p>

    <p class='ocr_par' dir='ltr' id='par_1_8' title="bbox 278 2128 1369 2180">
     <span class='ocr_line' id='line_1_22' title="bbox 278 2128 1369 2180; baseline -0.001 -12"><span class='ocrx_word' id='word_1_145' title='bbox 278 2129 404 2169; x_wconf 85' lang='lat' dir='ltr'>uteris</span> <span class='ocrx_word' id='word_1_146' title='bbox 433 2129 475 2168; x_wconf 91' lang='lat' dir='ltr'>in</span> <span class='ocrx_word' id='word_1_147' title='bbox 505 2130 642 2178; x_wconf 82' lang='lat' dir='ltr'>turba3</span> <span class='ocrx_word' id='word_1_148' title='bbox 673 2128 778 2180; x_wconf 92' lang='lat' dir='ltr'>quod</span> <span class='ocrx_word' id='word_1_149' title='bbox 807 2129 912 2168; x_wconf 91' lang='lat' dir='ltr'>enim</span> <span class='ocrx_word' id='word_1_150' title='bbox 941 2141 1019 2168; x_wconf 92' lang='lat' dir='ltr'>non</span> <span class='ocrx_word' id='word_1_151' title='bbox 1047 2128 1192 2168; x_wconf 82' lang='lat' dir='ltr'>excitet</span> <span class='ocrx_word' id='word_1_152' title='bbox 1220 2128 1369 2178; x_wconf 88' lang='lat' dir='ltr'>inguen</span> 
     </span>
    </p>

    <p class='ocr_par' dir='ltr' id='par_1_9' title="bbox 275 2207 1520 2417">
     <span class='ocr_line' id='line_1_23' title="bbox 277 2207 1520 2259; baseline -0.002 -12"><span class='ocrx_word' id='word_1_153' title='bbox 277 2220 354 2248; x_wconf 81' lang='lat' dir='ltr'>vox</span> <span class='ocrx_word' id='word_1_154' title='bbox 389 2207 537 2248; x_wconf 90' lang='lat' dir='ltr'>blanda</span> <span class='ocrx_word' id='word_1_155' title='bbox 565 2212 604 2248; x_wconf 90' lang='lat' dir='ltr'>et</span> <span class='ocrx_word' id='word_1_156' title='bbox 632 2207 831 2259; x_wconf 83' lang='lat' dir='ltr'>nequam?</span> <span class='ocrx_word' id='word_1_157' title='bbox 859 2207 1007 2259; x_wconf 87' lang='lat' dir='ltr'>digitos</span> <span class='ocrx_word' id='word_1_158' title='bbox 1022 2207 1153 2247; x_wconf 90' lang='lat' dir='ltr'>habet.</span> <span class='ocrx_word' id='word_1_159' title='bbox 1180 2212 1225 2247; x_wconf 88' lang='lat' dir='ltr'>ut</span> <span class='ocrx_word' id='word_1_160' title='bbox 1239 2211 1371 2246; x_wconf 90' lang='lat' dir='ltr'>tamen</span> <span class='ocrx_word' id='word_1_161' title='bbox 1387 2218 1520 2246; x_wconf 89' lang='lat' dir='ltr'>omnes</span> 
     </span>
     <span class='ocr_line' id='line_1_24' title="bbox 277 2284 1317 2337; baseline -0.001 -12"><span class='ocrx_word' id='word_1_162' title='bbox 277 2286 488 2325; x_wconf 87' lang='lat' dir='ltr'>subsidant</span> <span class='ocrx_word' id='word_1_163' title='bbox 517 2286 682 2337; x_wconf 90' lang='lat' dir='ltr'>pinnae:</span> <span class='ocrx_word' id='word_1_164' title='bbox 713 2286 823 2325; x_wconf 89' lang='lat' dir='ltr'>dicas</span> <span class='ocrx_word' id='word_1_165' title='bbox 851 2286 949 2325; x_wconf 91' lang='lat' dir='ltr'>haec</span> <span class='ocrx_word' id='word_1_166' title='bbox 976 2285 1136 2325; x_wconf 91' lang='lat' dir='ltr'>mollius</span> <span class='ocrx_word' id='word_1_167' title='bbox 1164 2284 1317 2324; x_wconf 88' lang='lat' dir='ltr'>Haemo</span> 
     </span>
     <span class='ocr_line' id='line_1_25' title="bbox 275 2362 1518 2417; baseline -0.002 -13"><span class='ocrx_word' id='word_1_168' title='bbox 275 2376 506 2416; x_wconf 89' lang='lat' dir='ltr'>quanquam</span> <span class='ocrx_word' id='word_1_169' title='bbox 536 2370 575 2404; x_wconf 89' lang='lat' dir='ltr'>et</span> <span class='ocrx_word' id='word_1_170' title='bbox 604 2362 883 2417; x_wconf 83' lang='lat' dir='ltr'>Carpophoro,</span> <span class='ocrx_word' id='word_1_171' title='bbox 919 2364 1040 2404; x_wconf 88' lang='lat' dir='ltr'>facies</span> <span class='ocrx_word' id='word_1_172' title='bbox 1069 2368 1140 2403; x_wconf 88' lang='lat' dir='ltr'>tua</span> <span class='ocrx_word' id='word_1_173' title='bbox 1167 2366 1368 2415; x_wconf 90' lang='lat' dir='ltr'>computat</span> <span class='ocrx_word' id='word_1_174' title='bbox 1383 2375 1518 2402; x_wconf 89' lang='lat' dir='ltr'>annos.</span> 
     </span>
    </p>
   </div>
   <div class='ocr_carea' id='block_1_5' title="bbox 222 2498 1521 2630">
    <p class='ocr_par' dir='ltr' id='par_1_10' title="bbox 222 2498 1521 2630">
     <span class='ocr_line' id='line_1_26' title="bbox 276 2498 1521 2552; baseline -0.002 -10"><span class='ocrx_word' id='word_1_175' title='bbox 276 2500 430 2542; x_wconf 83' lang='lat' dir='ltr'>Versus</span> <span class='ocrx_word' id='word_1_176' title='bbox 471 2505 564 2542; x_wconf 85' lang='lat' dir='ltr'>sunt</span> <span class='ocrx_word' id='word_1_177' title='bbox 607 2500 865 2541; x_wconf 85' lang='lat' dir='ltr'>vexatissimi.</span> <span class='ocrx_word' id='word_1_178' title='bbox 909 2499 1003 2541; x_wconf 92' lang='lat' dir='ltr'>Huc</span> <span class='ocrx_word' id='word_1_179' title='bbox 1039 2511 1165 2552; x_wconf 90' lang='lat' dir='ltr'>usque</span> <span class='ocrx_word' id='word_1_180' title='bbox 1203 2498 1376 2540; x_wconf 88' lang='lat' dir='ltr'>nondum</span> <span class='ocrx_word' id='word_1_181' title='bbox 1414 2503 1521 2539; x_wconf 88' lang='lat' dir='ltr'>recte</span> 
     </span>
     <span class='ocr_line' id='line_1_27' title="bbox 222 2578 1519 2630; baseline -0.002 -10"><span class='ocrx_word' id='word_1_182' title='bbox 222 2580 397 2620; x_wconf 89' lang='lat' dir='ltr'>enarrati</span> <span class='ocrx_word' id='word_1_183' title='bbox 436 2592 521 2619; x_wconf 90' lang='lat' dir='ltr'>esse</span> <span class='ocrx_word' id='word_1_184' title='bbox 560 2579 756 2619; x_wconf 88' lang='lat' dir='ltr'>videntur.</span> <span class='ocrx_word' id='word_1_185' title='bbox 799 2579 947 2619; x_wconf 85' lang='lat' dir='ltr'>Omnes</span> <span class='ocrx_word' id='word_1_186' title='bbox 975 2579 1210 2630; x_wconf 87' lang='lat' dir='ltr'>interpretes</span> <span class='ocrx_word' id='word_1_187' title='bbox 1238 2591 1403 2630; x_wconf 85' lang='lat' dir='ltr'>magnas</span> <span class='ocrx_word' id='word_1_188' title='bbox 1432 2578 1519 2618; x_wconf 90' lang='lat' dir='ltr'>reli-</span> 
     </span>
    </p>
   </div>
  </div>
 </body>
</html>
