1816 2954
806 235 956 263 THESES.

859 408 905 441 X.

286 528 410 568 Recte
451 526 706 568 Christianus
747 525 894 567 Rbsius
929 526 1216 566 demonstravit
1245 525 1367 565 verba
1393 524 1522 565 Thue.

232 606 253 645 Ῑ
284 609 355 646 132
385 610 587 644 Μασσαλίαν
613 613 770 649 οἰκίζοντες
799 618 885 644 esse
911 604 1101 644 eicienda-

778 692 877 724 Neue
896 691 1113 724 Jahrbiieher.
1140 692 1189 723 40¹³
1217 690 1313 723 Heft.
1339 689 1437 723 1877.

849 854 911 887 XI.

286 983 407 1037 Soph,
438 982 537 1023 Oed.
567 982 656 1023 Rex
685 994 741 1022 vs.
768 982 967 1022 216-75.
996 980 1160 1021 Praeter
1174 979 1388 1021 Ribbeckii
1402 984 1528 1019 trans-

232 1063 486 1115 positionem,
517 1074 574 1102 vs.
603 1062 788 1101 246—51
819 1065 907 1113 post
930 1072 987 1100 vs.
1010 1061 1089 1099 272
1103 1059 1355 1109 collocantis,
1387 1070 1526 1098 versus

232 1142 417 1181 244—45
447 1146 486 1181 et
515 1141 703 1181 252—54
730 1138 902 1192 ponendi
930 1142 1024 1179 sunt
1052 1142 1140 1191 post
1169 1139 1259 1178 268.

286 1220 456 1272 Insuper
484 1232 541 1259 vs.
571 1221 649 1259 263
677 1217 870 1258 delendus
898 1222 969 1258 est.

848 1398 932 1430 XII.

286 1518 415 1558 Thuc.
445 1517 489 1557 ῙῙ
519 1519 591 1557 9οε
635 1521 678 1555 Οἱ
712 1519 747 1555 ὂὲ
782 1520 1023 1558 Πελοποννήσιοι
1050 1546 1155 1555 .....
1181 1520 1364 1567 ἀναγόμενοι
1389 1521 1459 1564 ἅμα
1484 1519 1524 1564 ἕῳ

232 1598 338 1632 ἔπλεον
354 1624 460 1633 .....
488 1598 536 1630 ἐπὶ
562 1598 619 1632 τὴν
646 1596 766 1630 ἑαυτῶν
791 1600 851 1643 γῆν
878 1594 941 1629 ἔσω
967 1594 1016 1628 ἐπὶ
1043 1597 1096 1628 τοῦ
1121 1592 1236 1627 κόλπου
1263 1606 1293 1627 κ.
1320 1605 1347 1628 τ.
1380 1590 1410 1626 λ.

288 1669 424 1710 Verba
449 1676 497 1708 ἐπὶ
522 1677 578 1710 τήν
604 1675 725 1707 ἑαυτῶν
750 1678 809 1721 γῆν
834 1667 1074 1719 interpolata
1101 1670 1208 1705 sunt.

831 1846 934 1880 XIII.

287 2027 392 2068 Xen.
430 2026 561 2067 Anab.
600 2025 644 2065 ῙῙ
678 2024 724 2065 C.
762 2026 799 2064 5.
829 2026 893 2064 41.
933 2022 1069 2063 Verba
1094 2024 1211 2061 δίκαιον
1235 2031 1299 2075 γάρ
1320 2025 1525 2061 ἀπόλλυσθαι

232 2108 301 2146 τοὺς
327 2108 545 2154 ἐπιορκοῦντας
572 2102 768 2143 immerito
795 2115 821 2142 a
848 2100 1000 2142 Cobeto
1028 2100 1154 2140 eiecta
1181 2103 1287 2139 sunt.

825 2283 946 2316 XIIII.

287 2448 442 2503 Sproke
476 2461 554 2489 van
592 2447 642 2488 de
680 2446 1009 2500 Borohgravinne
1040 2458 1120 2486 van
1148 2443 1285 2497 Vergi.
1332 2442 1527 2498 (Uitgave

234 2542 311 2569 vau
340 2528 443 2568 Brill
474 2526 609 2580 1873).
655 2526 724 2566 Vs.
758 2526 991 2565 122—128:
