1816 2954
815 194 858 226 22

192 301 329 349 poeta:
369 309 503 337 voeem
545 297 603 337 ita
644 301 856 349 angustam
898 301 943 337 ut
986 297 1086 349 galli
1130 301 1271 338 cantus
1312 310 1390 338 non
1430 299 1483 339 sit

191 375 374 415 deterior.
428 375 538 426 Ergo
589 374 801 428 Scholtii1)
855 375 1083 416 eonieetura
1130 388 1208 416 non
1261 388 1361 428 opus
1401 381 1480 427 est,

191 453 362 504 legentis
393 452 666 504 „augustam”

754 617 820 649 VS.
847 617 921 649 125.

428 739 636 791 Nusquam
665 739 793 780 minor
821 746 880 780 est
908 740 1063 781 iactura
1090 740 1258 780 clientis.

248 871 487 912 Weidnerus
499 871 529 924 2)
562 871 763 912 contendit
788 871 851 911 his
879 872 1013 912 verbis
1043 872 1170 911 inesse
1185 871 1482 925 braehylogiam

190 954 236 990 ut
278 950 353 990 sit:
399 962 595 1002 nusquam
640 951 665 990 i.
707 963 739 991 e.
785 951 897 991 nulla
934 951 976 990 in
1014 963 1056 990 re
1094 950 1221 991 minor
1244 955 1303 991 est
1330 951 1484 991 iactura

191 1040 311 1079 quam
365 1029 520 1069 iactura
562 1029 731 1069 clientis.
789 1028 881 1068 Non
922 1028 1049 1069 eredo.
1094 1027 1217 1068 Poeta
1252 1029 1484 1081 simpliciter

194 1107 269 1148 hoe
319 1108 438 1148 dicit:
486 1108 642 1149 iactura
687 1108 844 1149 clientis
886 1120 1082 1159 nusquam
1125 1107 1288 1147 minoris
1324 1107 1484 1148 ducitur

190 1198 310 1237 quam
352 1185 513 1226 Romae.
552 1185 788 1227 Umbricius
824 1186 929 1226 enim
964 1184 1111 1225 Cumas
1139 1185 1382 1237 migraturus
1410 1185 1484 1225 hoe

189 1265 275 1316 agit
314 1270 359 1304 ut
400 1264 642 1305 demonstret
670 1264 820 1305 Romae
854 1264 1095 1317 pauperibus
1122 1264 1252 1304 locum
1280 1276 1358 1304 non
1386 1276 1481 1304 esse.

698 1450 766 1483 VS.
793 1451 976 1483 131—133.

338 1572 492 1614 Divitis
520 1573 586 1614 hie
613 1573 719 1614 servi
747 1572 874 1614 eludit
902 1574 1008 1614 latus
1036 1574 1296 1626 ingenuorum

333 1652 462 1702 filius3
493 1653 595 1692 alter
623 1653 728 1691 enim
758 1657 952 1703 quantum
982 1653 1023 1691 in
1052 1652 1209 1703 legione
1238 1653 1387 1692 tribuni

333 1730 537 1784 aeeipiunt
565 1730 687 1771 donat
717 1729 910 1772 Calvinae
940 1730 1005 1771 vel
1034 1729 1243 1781 Catienae,
1273 1735 1346 1772 ete.

247 1860 522 1901 Hermannum
535 1860 566 1914 ³)
623 1865 782 1901 secutus
825 1860 1065 1901 Weidnerus
1076 1860 1107 1914 ⁴)
1153 1874 1287 1902 vocem
1332 1861 1480 1912 „alter”

189 1940 291 1978 male
334 1940 533 1990 intellegit
568 1940 618 1979 de
646 1952 748 1979 novo
778 1940 1091 1980 adulescentium
1128 1952 1292 1991 genere,
1324 1940 1482 1991 ellipsin

192 2018 326 2058 verbis
362 2018 491 2058 inesse
519 2021 699 2059 statuens
726 2023 772 2059 ut
800 2018 873 2058 sit:
903 2017 952 2058 de
980 2018 1052 2058 illo
1079 2017 1184 2058 enim
1212 2017 1323 2069 loqui
1350 2030 1482 2070 super-

189 2096 307 2136 sedeo
335 2096 406 2148 qui
435 2108 544 2148 sqq.,
574 2109 665 2136 nam
696 2096 847 2147 „alter”
878 2101 938 2136 est
966 2096 1069 2136 idem
1099 2096 1168 2135 ille
1195 2095 1308 2135 dives
1331 2108 1480 2136 servus.

188 2175 334 2226 Itaque
379 2175 576 2227 particula
631 2175 785 2226 „enim”
839 2187 999 2215 eausam
1051 2175 1225 2215 eontinet
1266 2174 1482 2214 sententiae

235 2325 262 2367 ¹)
286 2326 378 2358 Dies.
402 2326 485 2358 Litt.
512 2336 578 2369 pag
603 2327 655 2357 21.

235 2384 260 2426 ²)
285 2385 355 2417 Sat.
379 2385 452 2417 Iuv.
477 2395 552 2428 pag.
579 2384 632 2417 77.

233 2444 261 2486 ³)
286 2443 509 2488 Specilegium
532 2454 607 2487 pag.
635 2445 688 2475 24.

232 2503 261 2544 ⁴)
284 2503 353 2535 Sat.
378 2503 450 2535 Iuv.
476 2513 552 2545 pag.
577 2501 630 2534 77.
