1816 2954
824 217 867 249 30

199 326 328 361 tecum
366 320 559 373 gauderet
597 320 735 361 liberis
773 320 864 360 tuis.
902 319 955 360 Et
985 332 1115 360 nonne
1142 323 1258 372 poeta
1285 323 1370 360 tum
1398 320 1491 360 scri-

199 400 290 438 bere
314 399 472 438 debuit:
498 398 567 437 sed
590 400 726 437 etiamsi
750 403 821 438 tua
846 411 952 438 nunc
973 398 1156 451 MygaIe,
1187 398 1251 437 vel
1274 399 1354 437 tale
1368 397 1493 449 quid?

253 476 376 516 Porro
420 489 536 516 versu
581 479 654 516 141
700 476 809 516 notio
852 476 1033 528 pariendi
1063 476 1279 524 sufficeret,
1319 475 1416 527 quid
1445 475 1494 515 de

199 555 429 606 tergeminis
457 554 540 594 illis
570 555 704 606 pueris
732 554 844 594 fieret
875 554 1058 595 nescires.

253 632 391 673 Restat
430 633 555 684 igitur
584 638 628 673 ut
657 633 934 684 confugiamus
962 632 1013 673 ad
1041 633 1199 673 tertiam
1229 631 1493 684 interpretati-

198 723 311 750 onem
349 723 501 759 eorum,
542 710 612 762 qui
650 716 809 750 monent
841 710 1031 764 Mygalen
1066 723 1151 750 esse
1186 722 1326 750 nomen
1355 722 1493 750 concu-

199 790 315 830 binae
358 790 421 830 vel
465 790 685 831 libertinae.
733 789 821 830 Hoc
863 803 1025 840 nomen,
1066 790 1180 831 cuius
1223 791 1265 830 in
1294 789 1493 842 prioribus

197 868 408 909 enarrandi
452 869 578 909 modis
616 869 728 909 nulla
766 869 867 909 ratio
907 869 1044 909 habita
1086 874 1164 918 est,
1205 869 1246 908 id
1290 869 1368 908 iam
1397 868 1494 908 satis

197 960 394 1000 superque
446 948 615 997 indicat3
669 953 729 987 est
784 948 889 987 enim
942 961 1084 988 nomen
1136 947 1356 997 Graecum,
1414 960 1493 986 non

198 1021 403 1066 matronae
456 1025 679 1074 Romanae,
734 1039 873 1067 nomen
918 1026 1168 1067 meretricum
1210 1031 1250 1066 et
1293 1026 1492 1078 pellicum.

199 1103 261 1144 Cf.
293 1103 376 1144 Sat.
407 1104 449 1143 X
479 1106 569 1144 238.

252 1182 341 1223 Hoc
379 1196 475 1235 ergo
513 1184 600 1224 vult
639 1188 774 1235 poeta:
816 1183 850 1223 si
879 1183 991 1223 dives
1019 1183 1110 1230 fies,
1145 1183 1264 1224 Virro
1293 1188 1332 1224 te
1360 1183 1493 1223 adula-

198 1263 328 1312 bitur,
384 1262 532 1302 honore
576 1267 614 1302 et
657 1263 767 1302 cultu
812 1268 850 1302 te
892 1268 1163 1315 prosequetur.
1219 1262 1345 1312 Quid,
1389 1262 1494 1314 quod

198 1354 351 1381 summo
402 1346 441 1380 te
494 1341 702 1393 obsequio,
754 1354 984 1393 summaque
1027 1342 1249 1381 reverentia
1290 1346 1328 1381 te
1370 1342 1491 1390 colet,

196 1419 302 1471 quod
342 1419 525 1459 dominus
564 1420 650 1459 eius
687 1419 773 1459 fieri
812 1420 980 1471 poteris,
1022 1419 1136 1460 modo
1174 1420 1310 1460 nullus
1338 1419 1413 1459 tibi
1442 1419 1494 1459 sit

196 1497 304 1537 filius
347 1498 547 1549 genuinus
584 1498 688 1538 iusto
727 1499 978 1538 matrimonio
1011 1498 1200 1549 genitus?
1237 1498 1328 1538 Tua
1355 1509 1493 1538 concu-

198 1576 292 1616 bina
331 1589 424 1616 vero
465 1575 664 1630 (attendas
703 1577 822 1616 velim
851 1577 901 1617 ad
931 1577 1104 1630 positum
1133 1577 1245 1617 verbi
1279 1576 1490 1630 „Mygale”

196 1656 237 1695 in
276 1655 357 1694 arsi
396 1655 504 1694 tertii
535 1655 664 1707 pedis,
706 1656 811 1695 unde
840 1656 1010 1695 efficitur
1039 1660 1083 1695 ut
1112 1656 1290 1707 graviter
1319 1667 1493 1707 premen-

196 1734 290 1774 dum
328 1734 399 1783 sit,
442 1746 513 1774 nec
552 1746 630 1774 non
660 1734 972 1783 concedendum,
1004 1747 1138 1774 vocem
1168 1734 1494 1787 praecedentibus

194 1826 279 1853 esse
316 1812 554 1865 oppositam)
596 1813 637 1852 in
678 1813 752 1852 hoc
789 1826 923 1853 rerum
962 1818 1092 1862 statu,
1134 1826 1223 1853 cum
1261 1814 1345 1865 ipse
1382 1812 1494 1852 dives

195 1892 250 1932 sis
292 1904 394 1931 uxor
436 1895 568 1931 autem
611 1892 663 1931 sit
701 1892 869 1941 sterilis,
912 1892 1042 1944 pariat
1091 1891 1203 1942 licet,
1244 1892 1341 1944 quin
1375 1891 1493 1932 etiam

196 1975 276 2009 tres
304 1970 450 2009 liberos
479 1982 558 2010 uno
588 1974 707 2021 partu
737 1970 847 2019 edat,
878 1970 919 2009 id
949 1983 1027 2009 non
1055 1969 1226 2019 dolebit,
1258 1970 1336 2009 imo
1363 1974 1493 2009 tecum

194 2048 405 2099 gaudebit,
442 2048 613 2088 infantes
655 2048 824 2088 fovendo
868 2053 907 2087 et
945 2048 1128 2088 donando
1167 2053 1280 2089 tuum
1318 2048 1493 2088 favorem

194 2127 590 2178 benevolentiamque
619 2126 815 2178 captabit,
849 2126 961 2166 nulla
986 2126 1171 2166 nimirum
1191 2126 1273 2167 alia
1287 2126 1337 2166 de
1352 2139 1489 2177 causa,

193 2217 312 2256 quam
342 2209 387 2244 ut
415 2204 630 2256 aliquando
661 2205 773 2244 heres
799 2204 868 2244 fiat
898 2210 1058 2245 tuorum
1089 2206 1292 2245 bonorum.

249 2283 544 2324 Posterioribus
574 2284 756 2324 versibus
784 2285 995 2324 141-145
1021 2284 1215 2336 imprimis
1238 2288 1353 2336 poeta
1367 2289 1492 2324 osten-

194 2362 253 2401 dit
281 2361 493 2401 Virronem
523 2366 687 2401 exutum
718 2366 757 2400 et
786 2362 968 2401 orbatum
995 2374 1081 2401 esse
1109 2362 1215 2401 omni
1246 2362 1493 2402 humanitate

194 2441 385 2492 nulloque
435 2440 558 2480 animi
606 2445 715 2481 motu
758 2441 952 2481 nobiliore
994 2441 1126 2493 tangi]
1173 2440 1242 2481 sed
1285 2441 1492 2493 pecuniam

194 2523 371 2571 spectare
419 2518 476 2557 nil
514 2518 644 2567 aliud,
689 2519 836 2570 quippe
887 2519 956 2570 qui
1004 2519 1289 2570 pulcherrimos
1327 2524 1492 2558 naturae
