1816 2954
848 187 891 219 19

234 292 369 333 eadem
416 291 639 332 conditione
680 295 887 335 versentur
928 303 1084 332 necesse
1121 295 1191 331 est.
1235 289 1388 330 Idcirco
1425 301 1514 329 cum

235 369 470 411 Heinrichio
484 369 515 430 ¹)
542 369 661 410 etiam
690 382 767 410 vox
797 368 993 421 „maesta”
1024 367 1212 409 mutanda
1240 371 1310 407 cst.

786 571 852 603 VS.
877 572 950 603 130.

312 689 399 730 Nec
425 689 580 741 galeam
609 700 792 741 quassas,
823 701 895 730 nec
922 693 1065 730 terram
1093 688 1255 742 cuspide
1278 688 1413 741 pulsas
1436 690 1509 727 etc.

282 817 545 857 Heinrichius
557 815 588 870 2)
618 817 757 857 statuit
774 829 919 870 ¹vocem
950 796 1142 867 „terram”
1172 817 1215 856 in
1229 816 1369 856 mendo
1384 816 1512 856 iacere

232 907 383 946 negans
422 899 591 946 „terram
629 894 790 947 cuspide
826 894 1008 947 pulsare’'
1038 907 1122 935 esse
1149 894 1375 935 irascentis:
1405 892 1511 945 Aga-

234 985 476 1012 memnonem
514 972 556 1011 in
595 972 722 1011 Iliade
763 984 840 1012 non
877 973 938 1012 ira
973 977 1208 1012 commotum
1235 971 1304 1011 sed
1331 971 1509 1023 indigna-

231 1050 337 1090 tione
373 1050 590 1090 ferventem
619 1054 816 1102 sceptrum
845 1050 1035 1090 abiecisse
1062 1064 1131 1103 qua
1160 1064 1197 1089 re
1224 1050 1393 1089 indicaret
1420 1050 1511 1089 nolle

229 1129 381 1181 amplius
408 1142 443 1167 se
470 1142 583 1181 regem
610 1142 680 1167 esse
707 1129 737 1167 si
763 1128 848 1167 talia
872 1129 1002 1180 fierent.
1035 1126 1093 1169 Ut
1119 1132 1253 1167 notum
1278 1132 1337 1167 est
1355 1132 1507 1177 autem,

228 1220 306 1247 non
348 1206 620 1259 Agamemnon
661 1211 857 1259 sceptrum
899 1207 940 1247 in
976 1211 1121 1247 terram
1157 1206 1341 1259 impegit,
1372 1219 1509 1247 verum

227 1285 418 1326 Achilles.

283 1362 413 1413 Quam
449 1363 575 1414 igitur
612 1363 725 1403 affert
761 1375 920 1403 causam
947 1375 1050 1415 quae
1076 1375 1164 1403 eum
1192 1363 1432 1416 impelleret,
1462 1376 1510 1404 ea

228 1441 322 1482 ficta
357 1445 427 1482 est.
469 1440 585 1491 Quod
622 1440 811 1481 libentius
846 1440 978 1492 dabis,
1007 1441 1042 1481 si
1083 1441 1306 1481 memineris
1334 1441 1438 1481 idem
1466 1442 1506 1482 in

228 1519 409 1573 Odyssea
437 1520 481 1559 H
510 1520 561 1560 80
584 1520 633 1560 de
660 1519 897 1559 Telemacho
924 1519 1014 1559 dici.
1045 1518 1119 1558 Est
1147 1519 1272 1570 igitur
1299 1532 1408 1559 mera
1430 1520 1508 1572 sig-

226 1597 400 1638 nificatio
440 1597 525 1638 sive
565 1597 648 1638 irae
688 1597 773 1638 sive
813 1596 1117 1649 indignationis,
1157 1606 1286 1649 neque
1313 1601 1373 1637 est
1401 1598 1508 1649 quod

226 1688 415 1727 negemus
449 1675 523 1715 hoc
550 1680 641 1728 apte
669 1675 748 1715 dici
775 1676 816 1715 in
845 1675 919 1715 hoc
946 1675 1032 1715 loco
1060 1674 1109 1714 de
1137 1674 1267 1714 Marte
1294 1675 1379 1714 sive
1406 1676 1508 1716 irato

224 1753 309 1794 sive
347 1753 658 1806 indignabundo.
697 1752 799 1795 Cum
836 1757 875 1794 et
912 1753 1038 1794 altera
1074 1753 1306 1804 difficultas,
1345 1766 1426 1806 qua
1453 1755 1508 1795 lo-

228 1843 317 1871 cum
369 1831 494 1883 premi
546 1831 713 1871 affirmat
763 1830 1040 1879 Heinrichius‚
1092 1831 1251 1871 sublata
1291 1831 1344 1871 sit
1388 1830 1506 1884 (conf.

227 1909 489 1950 Weidnerum
517 1923 554 1962 p.
584 1910 650 1963 62)
681 1914 837 1950 tuemur
865 1910 1070 1961 vulgarem
1098 1909 1316 1950 lectionem.

728 2070 795 2102 VS.
819 2070 1001 2102 167—168.

696 2193 799 2234 Nam
826 2193 861 2233 si
888 2205 997 2233 mora
1023 2192 1180 2245 longior
1206 2192 1345 2233 urbem

336 2272 503 2314 indulsit
530 2272 682 2326 pueris,
713 2284 791 2312 non
819 2283 994 2323 unquam
1021 2270 1124 2311 derit
1151 2276 1303 2312 amator
1330 2276 1403 2312 etc.

273 2433 300 2475 ¹)
324 2433 491 2473 Heinr.‚
515 2434 586 2466 Iuv.
613 2434 679 2466 Sat.
706 2433 782 2466 Vol.
804 2425 859 2472 11,
883 2442 958 2475 pag.
982 2433 1046 2464 109
1070 2443 1137 2475 sqq.

273 2491 299 2533 ²)
323 2492 364 2524 In
388 2492 503 2524 eodem
526 2492 630 2532 libro,
655 2503 728 2536 pag.
754 2494 817 2524 111
841 2503 910 2534 sqq.
