1816 2954
856 188 898 220 47

237 297 408 349 querunt
441 292 702 332 difficultates.
745 292 883 345 Nuper
919 291 1096 332 Kiaerus
1124 305 1265 332 novam
1294 292 1384 332 iniit
1412 292 1529 332 inter-

237 370 418 422 pretandi
456 371 581 419 viam,
620 370 689 410 sed
726 371 908 422 quamvis
945 371 1095 422 alioqui
1138 376 1224 411 tuto
1262 383 1352 411 eum
1388 370 1528 411 ducem

236 449 434 501 sequaris,
465 462 570 489 nunc
598 461 687 489 cum
715 461 761 489 eo
790 461 927 489 vereor
957 461 1006 489 ne
1035 449 1204 490 aberres.
1244 448 1346 489 Tres
1375 449 1527 502 potissi-

238 539 342 568 mum
357 532 450 567 sunt
464 527 702 577 sententiae,
729 539 831 579 quae
846 528 1020 567 omnium
1044 527 1304 579 interpretum
1319 528 1529 567 conatibus

237 608 441 655 resistant,
481 619 650 658 quarum
686 607 813 658 prima
851 612 911 647 est
939 606 1057 647 haec:
1091 620 1194 658 „non
1219 612 1278 647 est
1306 607 1372 648 hic
1399 618 1528 647 sermo

237 685 404 737 pudicus
445 685 487 724 in
529 684 702 725 vetula.'’
748 683 860 734 Quae
904 685 1044 735 verba,
1090 686 1124 725 si
1166 698 1236 738 per
1274 698 1316 726 se
1353 690 1525 738 spectes,

236 763 337 804 nihil
376 764 534 804 omnino
572 763 720 804 dicunt.
763 763 866 803 Nam
905 764 974 815 qui
1011 764 1056 803 fit
1094 769 1139 804 ut
1175 765 1266 815 „hic
1293 777 1420 804 sermo
1449 777 1527 804 non

235 843 288 881 sit
315 842 538 894 pudicus''?
564 841 607 882 Si
631 855 720 882 cum
747 843 1022 893 sequentibus,
1053 843 1159 894 quod
1188 844 1310 895 vulgo
1340 843 1405 894 fit,
1438 856 1526 884 cou—

236 920 399 973 iungas,
444 920 541 961 haec
582 920 664 961 fere
702 924 761 960 est
798 920 1014 960 sententia:
1057 920 1147 972 „hic
1183 933 1311 961 sermo
1350 934 1427 961 non
1466 927 1525 961 est

236 999 421 1052 pudicus:
460 999 604 1039 etenim
641 999 796 1050 quoties
832 999 932 1038 illud
959 1000 1151 1039 lascivum
1179 1013 1367 1052 usurpas,
1400 1001 1525 1041 uteris

236 1079 388 1128 verbis,
428 1079 575 1130 quibus
613 1078 727 1118 modo
756 1079 798 1117 in
825 1078 1037 1119 concubitu
1067 1078 1152 1119 viro
1180 1078 1413 1119 adblandita
1441 1078 1523 1120 es.’'

235 1157 341 1197 Tum
370 1169 462 1197 vero
486 1169 605 1208 quam
628 1169 771 1208 grave,
799 1168 918 1208 quam
932 1156 1068 1197 efficax
1089 1161 1148 1196 est
1162 1157 1264 1197 illud
1282 1157 1522 1210 „pudicusl”

237 1235 362 1285 Quasi
400 1235 610 1287 quisquam
649 1235 723 1276 hoc
761 1235 985 1276 addubitet!
1025 1235 1091 1275 An
1129 1248 1222 1276 vero
1260 1236 1428 1288 pudicus
1466 1241 1526 1276 est

235 1315 276 1354 in
307 1313 467 1367 puella?
483 1338 535 1343 —-
550 1313 691 1354 Altera
718 1318 777 1354 est
791 1326 838 1354 ea
852 1326 971 1366 quam
986 1319 1100 1366 poeta
1113 1314 1171 1354 sic
1185 1315 1349 1354 extulit:
1384 1315 1523 1365 „modo

235 1394 309 1434 sub
351 1393 479 1433 lodice
516 1393 665 1433 relictis
703 1392 827 1432 uteris
864 1393 906 1432 in
943 1392 1098 1432 turba.''
1131 1392 1241 1433 Haec
1270 1394 1392 1433 verba
1419 1398 1525 1433 recte

234 1485 276 1512 se
317 1472 463 1512 habere
505 1484 583 1512 non
625 1476 803 1524 possunt,
845 1484 935 1511 nam
967 1471 1133 1511 molesta
1160 1471 1211 1511 iis
1239 1472 1342 1511 inest
1370 1476 1522 1512 contra—

234 1550 374 1591 dictio:
413 1563 491 1603 quo
524 1550 638 1591 modo
666 1546 771 1590 enim
799 1550 925 1602 possis
952 1550 994 1589 in
1023 1551 1141 1590 turba
1169 1550 1194 1589 i.
1225 1562 1257 1589 e.
1288 1550 1329 1589 in
1359 1551 1520 1602 publico

232 1631 282 1670 iis
319 1630 397 1679 uti,
437 1642 539 1681 quae
567 1629 664 1669 alibi
693 1628 927 1681 reliqueris?
968 1628 1224 1669 Heinrichius
1253 1628 1351 1669 adeo
1379 1628 1429 1669 de
1459 1629 1522 1669 his

233 1708 388 1749 duabus
427 1708 634 1749 sententiis
674 1707 915 1760 desperavit,
959 1712 1004 1747 ut
1045 1720 1069 1747 a
1111 1707 1300 1747 monacho
1343 1708 1519 1759 quodam

233 1788 429 1840 profectas
456 1800 541 1828 esse
569 1791 748 1827 statuens
776 1799 842 1827 eas
870 1786 1071 1826 deleverit.
1102 1811 1153 1815 —
1184 1785 1371 1838 Denique
1400 1787 1523 1827 verba

233 1878 335 1917 quae
377 1871 615 1917 sequuntur:
677 1865 805 1916 „quod
843 1865 948 1904 enim
980 1878 1058 1904 non
1087 1865 1233 1905 excitet
1262 1865 1412 1916 inguen
1442 1878 1520 1905 vox

234 1944 380 1984 blanda
421 1949 461 1984 et
502 1942 697 1995 nequam?
747 1942 894 1994 digitos
936 1941 1079 1983 habet’⁷
1128 1942 1415 1994 quodammodo
1459 1944 1524 1983 ob-

233 2036 349 2064 scura
391 2027 504 2072 sunt,
548 2027 639 2072 aut,
692 2026 737 2062 ut
775 2021 999 2062 accuratius
1036 2020 1189 2072 dicam,
1232 2021 1334 2061 illud
1366 2022 1521 2072 „enim”

233 2106 322 2153 apte
365 2100 557 2153 explicari
595 2112 673 2140 non
715 2104 854 2152 potest.
898 2098 1025 2139 Cuius
1062 2100 1119 2139 rei
1159 2100 1264 2139 enim
1292 2100 1405 2139 affert
1434 2113 1524 2140 cau-

233 2180 345 2221 sam?
384 2180 474 2221 Non
511 2184 617 2221 certe
651 2191 786 2221 eorum
815 2190 917 2231 quae
945 2178 1196 2231 praecedunt.
1235 2178 1340 2218 Nam
1368 2183 1525 2231 poetam

233 2259 459 2308 significare
504 2259 695 2308 voluisse,
741 2270 874 2297 vocem
912 2257 1097 2296 blandam
1139 2257 1237 2297 adeo
1265 2258 1440 2298 excitare
1467 2258 1524 2297 in·
1591 2250 1593 2253 ¹

232 2350 358 2388 guen,
398 2342 443 2378 ut
480 2342 520 2377 et
559 2337 694 2377 vetula
732 2336 839 2376 viros
878 2347 925 2375 ea
962 2335 1113 2375 illicere
1141 2335 1216 2376 sub
1244 2335 1411 2376 lodicem
1439 2348 1524 2388 pos-

232 2420 311 2466 set,
342 2427 456 2455 nemo
484 2415 652 2467 putabit.
682 2413 850 2465 Insuper
878 2414 1019 2463 verba,
1064 2426 1167 2465 quae
1195 2419 1283 2466 post
1311 2415 1533 2466 legunturz·

235 2494 381 2547 „facies
424 2499 491 2534 tua
532 2498 732 2547 computat
773 2492 921 2533 annos*
962 2492 1061 2533 satis
1098 2492 1309 2533 ostendunt
1349 2492 1523 2533 vetulam
