1816 2954
745 465 812 497 VS.
838 465 1022 497 172—1'73.

267 595 436 645 ⁷,Parce,
476 608 633 647 precor,
673 596 826 646 Paean,
866 602 905 636 et
944 602 1008 646 tu,
1048 596 1144 646 dea,
1175 609 1276 649 pone
1303 597 1491 648 sagittas,

264 673 322 713 nil
350 674 464 726 pueri
492 674 665 724 faciunt,
697 675 824 727 ipsam
853 674 1043 726 configite
1071 673 1276 715 matrem.''

290 809 457 851 Codices
493 811 661 851 habent:
704 816 767 863 „et
804 816 849 852 tu
887 811 1039 865 depone
1066 811 1273 864 sagittas.'’
1301 811 1417 852 Hanc
1445 812 1530 864 pul-

234 889 469 929 cherrimam
498 889 667 930 Graevii
687 891 953 931 coniecturam
968 896 1232 943 aspernantur
1247 890 1527 941 Heinrichius,

235 966 412 1008 Kiaerus
455 980 527 1008 nec
569 981 647 1009 non
691 968 1023 1009 Hackermannus
1037 968 1081 1022 l).
1140 968 1219 1009 Hic
1262 969 1529 1010 Heineckium

232 1046 464 1086 collaudans
492 1047 672 1087 codicum
700 1047 909 1087 lectionem
938 1052 1113 1087 tuentem
1138 1060 1187 1087 ex
1202 1048 1289 1088 eius
1303 1047 1529 1088 defensione

232 1124 331 1164 haec
358 1126 565 1177 repetivit:
598 1125 688 1177 „Tu
718 1139 796 1166 non
826 1126 1075 1166 referendum
1103 1126 1155 1166 ad
1185 1126 1358 1166 Dianam
1386 1126 1455 1166 sed
1479 1125 1529 1166 ad

232 1202 480 1254 Apollinem,
512 1204 583 1255 qui
611 1204 823 1255 praecedit.
855 1204 903 1243 In
934 1205 995 1244 his
1025 1209 1064 1243 et
1092 1205 1290 1244 similibus
1315 1216 1528 1256 pronomen

231 1285 276 1320 tu
304 1281 502 1331 abundat,
532 1282 639 1333 quod
667 1282 855 1334 loquendi
883 1295 1011 1334 genus
1039 1283 1215 1323 illustrat
1244 1282 1450 1323 Bentleius
1477 1282 1528 1323 ad

232 1358 330 1399 Hor.
369 1358 501 1400 Oarm.
540 1360 562 1400 I
588 1362 624 1401 9.
658 1363 728 1401 16:
772 1373 869 1412 „nec
905 1361 1043 1401 dulces
1071 1373 1223 1402 amores
1246 1360 1402 1414 'Sperne
1430 1373 1529 1414 puer

230 1451 359 1490 neque
388 1445 433 1480 tu
461 1440 662 1480 choreas.⁷'
695 1439 809 1481 Conf.
842 1439 932 1480 Sen.
965 1440 1083 1480 Herc.
1115 1440 1211 1481 Fur.
1242 1440 1331 1480 XII
1361 1442 1409 1480 16
1441 1452 1526 1491 sqq.

229 1518 458 1570 Apollinem
486 1523 619 1559 autem
648 1520 743 1559 dum
771 1519 1012 1570 alloquitur,
1053 1519 1252 1570 intellegit
1281 1519 1400 1558 etiam
1430 1518 1527 1558 Dia-

228 1610 338 1647 nam,
384 1609 488 1649 quae
529 1610 609 1638 una
651 1610 741 1638 cum
783 1597 854 1637 illo
892 1609 992 1649 opus
1034 1597 1210 1649 perfecit.
1257 1595 1379 1648 Verg.
1421 1596 1523 1636 Aen.

230 1674 337 1714 VIII
360 1677 460 1715 525:
493 1675 622 1726 „Vos,
653 1688 676 1715 o
692 1674 892 1727 Calliope,
920 1688 1078 1727 precor,
1109 1675 1312 1727 adspirate
1326 1675 1524 1715 canenti.''

228 1752 288 1793 Sil
330 1754 396 1794 III
440 1756 539 1795 222:
586 1753 773 1806 „Prodite
811 1753 1030 1807 Calliope.'’
1083 1753 1199 1795 Hom.
1229 1753 1278 1794 Il.
1309 1753 1394 1794 VII
1425 1755 1524 1794 284:

229 1837 342 1889 „1611ss
376 1838 503 1887 “Enropz
537 1843 639 1873 ταῦτα
673 1837 812 1872 κελεύετε
842 1833 1141 1885 μυθήσασθαι.””
1184 1832 1314 1882 Quam
1352 1834 1402 1872 Ob
1444 1845 1526 1872 rem

227 1914 560 1955 Hackermannus
582 1912 694 1952 illam
727 1912 996 1952 defensionem
1020 1911 1221 1952 vocaverit
1236 1915 1522 1964 praestantem,

226 2007 304 2034 non
342 1992 468 2032 video.
508 1990 611 2030 Mihi
640 1990 801 2042 quidem
829 1990 1039 2030 admodum
1068 1989 1213 2029 debilis
1241 2001 1326 2029 esse
1355 1988 1523 2028 videtur.

227 2073 330 2113 Nam
358 2084 424 2120 ea,
456 2082 560 2121 quae
587 2070 657 2109 ille
688 2074 819 2109 monet
848 2069 896 2108 de
921 2069 1151 2121 pronomine
1175 2067 1404 2108 abundante
1418 2068 1525 2119 quod

224 2155 283 2191 est
315 2149 432 2201 „tu'',
463 2149 592 2188 solum
621 2148 790 2200 probant
815 2161 914 2200 posse
944 2147 1018 2187 hoc
1047 2158 1262 2199 pronomen
1290 2150 1424 2185 nostro
1438 2146 1525 2186 loco

223 2230 363 2270 referri
400 2229 451 2268 ad
489 2227 739 2280 Apollinem,
780 2227 882 2266 nihil
920 2227 1042 2266 aliud.
1086 2226 1245 2266 Deinde
1284 2226 1381 2275 loci,
1425 2237 1525 2277 quos

221 2308 359 2349 attulit
388 2312 433 2349 ut
461 2307 747 2348 demonstraret
776 2310 913 2358 poetas
942 2317 1239 2358 nonnumquam
1268 2316 1391 2345 unum
1405 2303 1523 2344 deum

221 2387 461 2439 compellare
512 2386 648 2438 plures
685 2384 932 2436 significare,
990 2397 1014 2423 a
1056 2388 1193 2423 nostro
1234 2384 1321 2423 loco
1363 2395 1524 2435 prorsus

269 2579 294 2622 ¹)
319 2578 392 2610 Der
417 2577 585 2609 Pithoean
610 2576 735 2608 Codex.
760 2586 835 2619 pag.
860 2577 903 2607 26
927 2586 995 2618 sqq.
