1816 2954
876 219 917 251 72

247 322 418 363 dominis
459 323 517 362 ita
558 323 798 363 mentionem
839 323 935 363 facit
978 329 1093 375 poeta
1121 327 1297 373 tantum,
1337 327 1383 364 ut
1410 323 1539 372 dieat,

246 413 369 452 equos
400 401 554 452 „iuberi
570 405 724 441 mutare
739 400 957 452 dominos’';
983 401 1081 453 quid
1095 402 1202 454 quod
1220 402 1289 442 vix
1305 402 1543 443 eredendum

245 484 306 519 est
335 480 454 519 vilem
483 492 629 532 equum
660 479 887 520 venditione
902 480 953 520 ab
968 492 1043 520 avo
1058 479 1109 520 ad
1124 485 1307 533 nepotem
1322 480 1544 533 migrasse?

302 557 415 608 Quae
443 571 533 599 eum
566 559 624 599 ita
651 559 753 610 sint,
784 559 901 599 unice
929 558 1028 598 mihi
1049 559 1179 612 placet
1194 559 1312 599 lectio
1330 559 1542 612 „nepotes”

246 641 291 676 ut
328 637 525 676 sententia
564 638 636 677 sit:
684 638 901 689 „maiorum
938 638 996 677 ibi
1034 650 1113 677 non
1152 642 1211 677 est
1249 642 1452 690 respectus
1491 661 1544 667 —

245 714 398 756 ducunt
435 715 612 769 epiredia
640 717 737 758 trito
765 717 867 758 eollo
895 716 1130 770 segnipedes
1158 716 1365 758 minores.''
1412 715 1542 767 Quam

246 795 408 847 egregie
437 796 511 835 hoo
539 797 750 836 conveniat
778 808 868 836 oum
895 796 1011 836 initio
1039 796 1181 836 horum
1211 808 1418 836 versuum:
1461 795 1543 846 „nil

246 873 303 914 ibi
331 874 526 915 maiorum
541 879 764 927 respectus,
785 875 919 927 gratia
932 875 1046 915 nulla
1059 873 1327 924 umbrarum''‚
1344 886 1543 926 quamque

245 952 390 991 eximie
427 956 565 1003 poetae
603 953 792 1003 loquendi
831 965 929 992 usus
970 953 1028 992 ita
1064 956 1245 992 servetur
1279 953 1543 992 membrorum

245 1031 350 1070 inter
364 1043 406 1071 se
420 1031 692 1083 oppositorum
708 1032 878 1071 alterum
894 1032 1077 1084 ponentis
1091 1032 1132 1071 in
1147 1032 1354 1084 principio,
1371 1032 1542 1072 alterum

246 1109 288 1148 in
315 1108 395 1148 fine
424 1121 584 1159 versus,
624 1109 821 1149 neminem
849 1110 989 1161 fugiet.
1033 1109 1139 1149 Tum
1168 1110 1359 1150 locutioni
1389 1110 1543 1162 „segni-

246 1187 366 1240 pedes
403 1186 590 1240 nepotes''
630 1200 816 1239 magnam
854 1188 983 1228 inesse
1021 1187 1209 1228 virtutem
1247 1188 1436 1229 eomieam
1464 1201 1543 1229 non

245 1271 305 1305 est
333 1266 440 1317 quod
468 1278 659 1306 moneam.
691 1265 753 1306 Of.
784 1266 867 1306 Sat.
897 1266 985 1305 XII
1017 1268 1106 1306 109.

780 1427 847 1460 VS.
871 1428 1013 1459 85—86.

317 1564 320 1567 -
356 1535 519 1587 Dignus
548 1540 673 1575 morte
701 1536 825 1588 perit,
856 1541 969 1575 cenet
997 1536 1090 1576 lieet
1118 1540 1249 1576 ostrea
1276 1540 1435 1576 eentum

355 1612 551 1655 Gaurana
578 1618 617 1654 et
646 1612 780 1654 Cosmi
809 1618 893 1654 toto
922 1618 1127 1666 mergatur
1155 1625 1266 1654 aeno.

301 1731 379 1772 His
416 1732 626 1772 versieulis
663 1732 781 1772 facile
820 1732 1026 1773 caruerim.
1070 1731 1296 1772 Admodum
1334 1731 1432 1771 mihi
1465 1731 1543 1772 dis-

245 1811 393 1863 plicent
430 1811 503 1851 illa
543 1815 700 1861 „ostrea
733 1810 916 1851 eentum'’
956 1815 995 1850 et
1033 1816 1240 1863 unguenta
1278 1823 1419 1863 parum
1452 1814 1544 1863 apte

245 1891 427 1942 opposita
464 1890 703 1939 virtutibus,
745 1902 846 1941 quas
874 1895 991 1942 poeta
1018 1890 1251 1929 memoravit
1279 1902 1336 1929 vs.
1368 1891 1543 1939 79—-84,

245 1982 336 2010 eum
373 1969 506 2022 potius
543 1973 748 2022 exspectes
785 1968 940 2021 aliquid
964 1969 1094 2009 simile
1122 1968 1192 2018 iis,
1223 1981 1327 2021 quae
1355 1969 1545 2021 leguntur

246 2060 302 2088 vs.
336 2049 515 2087 19—20:
548 2047 679 2098 „Tota
706 2048 800 2087 lieet
829 2052 983 2087 veteres
1011 2052 1203 2087 exornent
1231 2048 1407 2099 undique
1431 2060 1544 2087 eerae

245 2126 388 2167 atria.'’

299 2205 511 2246 Invehitur
539 2206 644 2246 enim
675 2207 717 2246 in
733 2205 808 2246 hae
822 2210 960 2246 satura
975 2201 1018 2244 in
1033 2205 1187 2245 nobiles
1203 2204 1334 2255 „alto”
1352 2205 1544 2245 maiorum

248 2288 479 2335 „stemmate
506 2283 742 2325 tumentes.''

812 2410 879 2443 VS.
905 2411 981 2443 134.

329 2524 392 2566 De
420 2537 660 2578 quoeunque
690 2525 798 2566 voles
827 2536 1019 2578 proavum
1052 2524 1125 2565 tibi
1155 2524 1300 2565 sumito
1330 2524 1442 2565 libro.
