1816 2954
860 200 903 232 79

290 304 491 346 Scholtius
509 302 538 356 l)
569 316 641 355 pro
672 302 874 354 „defossa”
904 304 1071 344 coniecit
1093 302 1303 356 „deposta”
1326 303 1521 342 immerito

236 384 454 424 sollicitans
491 383 697 434 vulgarem
733 383 959 431 lectionem,
998 396 1101 435 quae
1129 383 1254 423 multo
1282 387 1341 423 est
1370 382 1521 434 signifi-

236 462 397 503 cantior.

288 539 434 579 Facete
469 541 585 590 poeta
620 537 772 577 deridet
805 550 997 591 pauperes
1023 539 1206 587 clientes,
1237 539 1307 590 qui
1336 551 1516 578 nummos

234 617 438 657 defodiunt
466 616 551 656 sive
578 616 751 656 condunt
765 617 807 656 in
821 617 899 656 imo
913 616 1035 657 fundo
1050 618 1268 657 loculorum
1283 629 1512 657 vacuorum.

235 694 301 734 De
341 692 631 734 constructione
674 692 852 743 „defossa
891 693 933 732 in
970 694 1135 733 loculis”
1174 694 1352 733 conferas
1390 693 1509 733 Ovid.

234 772 343 812 Fast.
382 771 426 811 II
463 784 520 811 vs.
550 771 648 810 642:
691 770 799 822 „sive
827 771 930 823 lapis
957 772 1042 811 sive
1069 784 1111 811 es
1138 771 1317 812 defossus
1343 772 1385 811 in
1415 784 1513 824 agro

233 849 393 902 stipes.''

755 947 821 980 VS.
845 948 985 979 54—55.

374 1058 485 1110 Ergo
512 1071 757 1111 supervacua
783 1063 853 1099 aut
880 1059 1099 1111 perniciosa
1126 1064 1341 1112 petuntur:

375 1141 535 1189 propter
562 1149 665 1188 quae
692 1138 753 1177 fas
779 1142 839 1177 est
865 1150 997 1189 genua
1023 1139 1199 1178 incerare
1225 1138 1398 1178 deorum.

286 1263 372 1304 Hos
400 1276 538 1304 versus
564 1265 607 1304 in
636 1264 775 1305 mendo
802 1265 947 1305 cubare
974 1278 1106 1305 omnes
1134 1266 1368 1305 recentiores
1391 1265 1509 1305 inter-

231 1347 379 1395 pretes,
410 1343 517 1395 quod
544 1344 644 1393 scio,
676 1343 903 1384 concedunt.
935 1343 1156 1384 Emendare
1183 1357 1250 1384 eos
1278 1344 1394 1384 multi
1418 1348 1511 1384 sunt

230 1421 380 1470 conati,
410 1433 550 1460 sanare
577 1421 724 1461 nemini
751 1422 964 1473 contigisse
991 1422 1088 1461 mihi
1116 1421 1293 1471 videtur,
1324 1434 1374 1461 ne
1403 1422 1512 1460 Mad-

230 1499 338 1550 vigio
365 1499 525 1551 quidem
553 1500 701 1551 legenti
732 1499 965 1551 „incerate”

282 1576 405 1617 Poeta
430 1577 733 1618 demonstrantis
761 1590 839 1618 non
868 1577 1114 1618 adhortantis
1137 1582 1268 1629 partes
1286 1577 1364 1617 sibi
1378 1589 1508 1629 sump-

228 1655 291 1695 sit.
320 1654 467 1706 Incipit
494 1668 655 1695 narrare
681 1655 857 1696 homines
884 1668 985 1707 quae
1014 1656 1135 1705 bona⁷
1164 1667 1267 1707 quae
1294 1655 1400 1695 mala
1422 1655 1503 1695 sint

228 1745 306 1773 non
333 1733 431 1773 satis
458 1733 559 1773 scire
586 1733 651 1773 vel
678 1733 795 1786 plane
810 1732 970 1773 nescire.
987 1732 1035 1772 Id
1049 1732 1315 1773 demonstrare
1328 1736 1504 1772 conatur.

228 1811 332 1852 Tota
367 1816 502 1853 satura
537 1812 619 1852 fere
655 1816 836 1853 versatur
872 1812 914 1851 in
951 1811 1001 1852 iis
1037 1811 1240 1861 notandis,
1271 1823 1374 1863 quae
1403 1811 1506 1850 male

227 1890 278 1929 ab
314 1890 539 1931 hominibus
575 1894 777 1943 optentum
817 1890 859 1930 in
895 1889 973 1930 fine
1001 1889 1157 1930 demum
1185 1889 1375 1939 ostendit,
1406 1888 1505 1941 quid

227 1979 269 2006 re
297 1980 391 2008 vera
417 1969 470 2008 sit
497 1968 727 2020 petendum;
757 1968 862 2019 quod
890 1968 1120 2019 priusquam
1147 1967 1382 2017 ostenderit,
1408 1979 1506 2018 quo-

227 2045 340 2086 modo
386 2045 564 2087 homines
609 2045 838 2086 adhortetur
875 2045 925 2085 ad
963 2057 1009 2085 ea
1045 2045 1233 2098 petenda,
1285 2057 1388 2097 quae
1425 2058 1504 2085 non

227 2123 439 2164 noverint?

280 2201 382 2243 Cum
418 2208 550 2244 autem
587 2216 644 2244 vs.
678 2203 783 2243 4-45
813 2206 852 2242 et
881 2202 984 2243 bona
1011 2206 1050 2242 et
1078 2202 1183 2242 mala
1210 2207 1502 2251 commemoret,

226 2285 313 2333 post
349 2280 633 2332 digressionem
670 2281 721 2322 ad
759 2280 1001 2334 propositum
1033 2280 1260 2320 redeuntem
1289 2293 1359 2333 per
1387 2281 1506 2333 parti-

225 2361 354 2399 culam
384 2361 527 2412 „ergo”
559 2361 773 2400 verisimile
800 2365 859 2400 est
886 2373 975 2400 eum
1002 2364 1042 2399 et
1070 2361 1174 2399 mala
1198 2372 1335 2400 rursus
1350 2365 1389 2400 et
1403 2361 1506 2400 bona

272 2502 299 2544 ¹)
324 2502 344 2533 l.
369 2502 389 2534 l.
415 2513 488 2546 pag.
514 2502 566 2536 76.
