1816 2954
859 246 903 279 42

233 350 391 390 videtur
419 362 537 402 quam
561 362 660 402 gens
684 350 874 390 Latonae.
905 348 1072 390 Constat
1092 351 1196 390 enim
1211 362 1293 390 rem
1309 362 1528 403 possessam

230 430 396 469 alterius
424 429 622 468 interdum
652 443 731 468 non
755 430 975 480 comparari
999 442 1088 469 cum
1110 443 1152 469 re
1168 443 1348 481 possessa
1362 430 1528 470 alterius

229 507 297 548 sed
335 520 424 547 cum
462 507 536 547 hoc
573 507 699 547 altero
737 507 833 560 ipso.
875 506 1067 548 Oonferas
1106 506 1219 548 Caes.
1251 507 1295 547 B.
1326 506 1433 548 Gall.
1466 506 1526 547 VI

229 587 326 638 Cap.
367 589 439 626 22:
481 592 550 637 „ut
583 587 705 626 animi
733 588 934 637 aequitate
964 588 1118 638 plebem
1151 589 1398 634 contineant,
1434 600 1523 627 cum

227 678 320 706 suas
371 665 539 717 quisque
582 677 675 717 opes
716 677 806 705 cum
846 666 1093 718 potentissimis
1136 665 1300 718 aequari
1345 664 1524 715 videat'';

227 743 324 796 Cap.
368 746 440 782 27:
486 744 653 794 „harum
695 749 754 783 est
791 744 1009 783 consimilis
1046 746 1162 796 capris
1198 745 1375 795 figura’';
1437 745 1524 784 IuV.

227 822 308 863 Sat.
349 822 438 862 IIII
479 824 550 862 75:
590 824 668 874 „dis
707 835 834 875 aequa
872 822 1083 875 potestas'’‚
1124 828 1162 863 et
1202 823 1263 863 VI
1291 825 1391 864 413:
1430 836 1527 875 „nec

226 907 357 942 tamen
396 902 437 941 id
477 902 618 941 vitium
658 902 785 953 magis
813 902 1065 941 intolerabile
1088 915 1207 953 quam
1236 915 1338 953 quae
1372 903 1524 943 vicinos

225 993 363 1033 rapere
387 980 511 1021 solet'’
538 981 563 1021 i.
588 993 620 1020 e.
651 993 793 1032 „quam
817 993 863 1021 ea
877 980 1043 1030 femina,
1070 980 1196 1032 quae’'
1213 985 1309 1031 etc.‚
1334 981 1403 1022 ubi
1420 981 1521 1022 ratio

224 1059 472 1110 postulabat:
506 1059 571 1108 „id
602 1059 743 1098 vitium
775 1071 851 1098 non
879 1064 938 1098 est
967 1059 1095 1109 magis
1123 1059 1375 1099 intolerabile
1403 1072 1522 1110 quam

223 1137 367 1177 vitium
419 1137 505 1177 eius
557 1137 727 1177 feminae
778 1149 879 1188 quae
931 1136 1040 1188 sqq.”
1091 1135 1237 1177 Confer
1280 1137 1399 1178 etiam
1440 1136 1521 1177 Sat.

224 1215 354 1256 VIIII
385 1218 420 1256 6.

736 1360 802 1392 Vs,
829 1361 1014 1392 178—181.

273 1495 377 1534 quae
404 1483 505 1522 tanti
533 1483 732 1534 gravitas,
763 1495 866 1534 quae
894 1484 1039 1532 forma,
1072 1488 1115 1523 ut
1143 1496 1184 1523 se
1209 1484 1282 1523 tibi
1308 1496 1466 1535 semper

272 1560 469 1613 imputet?
498 1561 618 1601 huius
646 1561 751 1600 enim
780 1561 861 1600 rari
890 1562 1111 1612 summique
1140 1562 1324 1613 voluptas

272 1640 385 1679 nulla
414 1640 526 1688 boni,
556 1640 739 1691 quotiens
767 1639 899 1679 animo
928 1644 1114 1691 corrupta
1141 1640 1311 1691 superbo

271 1719 362 1770 plus
389 1718 497 1758 aloes
524 1730 644 1769 quam
673 1718 803 1758 mellis
833 1718 966 1758 habet.

269 1845 439 1885 Plurimi
477 1845 711 1897 interpretes
749 1858 805 1884 vs.
839 1846 915 1884 178
945 1845 1003 1884 sic
1030 1845 1251 1897 explicant:
1294 1858 1421 1897 „quae
1451 1859 1518 1886 no-

215 1924 371 1973 bilitas,
400 1936 503 1975 quae
532 1924 658 1963 forma
687 1924 789 1962 tanti
818 1928 878 1962 est
910 1923 1005 1972 tibi,
1037 1928 1082 1962 ut
1112 1936 1239 1975 aequo
1268 1924 1399 1964 animo
1413 1925 1518 1964 feras

217 2015 399 2051 uxorem,
437 2015 540 2053 quae
577 2015 619 2042 se
656 2002 681 2041 i.
712 2014 744 2041 e.
787 2014 901 2041 suam
930 2002 1178 2041 nobilitatem
1207 2002 1292 2042 sive
1316 2007 1515 2054 praestan-

212 2081 309 2120 tiam
348 2093 502 2133 semper
538 2080 613 2119 tibi
652 2080 840 2131 imputet,
872 2079 1137 2132 exprobret?’'
1169 2080 1279 2129 Quos
1308 2082 1514 2133 reprehen-

212 2159 310 2199 dens
356 2158 534 2199 Kiaerus
549 2158 577 2212 ¹)
629 2159 751 2198 verba
800 2159 858 2198 sic
896 2159 1116 2199 enarravit:
1163 2160 1299 2210 „nulla
1336 2161 1516 2212 gravitas

212 2250 338 2290 neque
380 2238 507 2278 forma
545 2237 685 2278 marito
724 2238 825 2278 tanti
863 2242 942 2288 est,
986 2243 1028 2278 ut
1068 2243 1228 2291 propter
1255 2251 1343 2279 eam
1368 2251 1410 2279 se
1439 2239 1512 2280 tibi

211 2318 379 2369 imputet
409 2318 432 2356 i.
464 2330 496 2356 e.
523 2323 633 2356 tuam
662 2318 952 2357 contumaciam
975 2322 1095 2369 atque
1120 2318 1346 2369 superbiam
1373 2318 1512 2358 ferat.’'

264 2395 389 2436 Addit
432 2396 728 2437 substantivum
773 2397 1062 2448 „gravitatem”
1109 2397 1193 2447 vix,
1237 2397 1342 2449 quod
1391 2398 1513 2450 vulgo

259 2567 284 2606 ¹)
310 2566 330 2596 l.
355 2566 374 2596 l.
401 2576 475 2607 pag.
503 2566 568 2597 154
593 2577 662 2607 sqq.
