1816 2954
887 246 931 277 50

259 348 450 388 iunctum.
490 347 614 388 Poeta
650 348 756 388 enim
795 348 975 401 loquitur
1013 349 1062 388 de
1101 349 1170 396 iis,
1210 361 1313 401 quae
1351 349 1487 389 vetula
1516 349 1556 388 in

258 427 457 468 cotidiano
485 439 667 467 sermone
696 428 915 477 interserit,
950 433 989 467 et
1018 440 1107 468 cum
1138 428 1271 468 verbis
1302 428 1401 478 „sub
1429 427 1557 467 lodice

259 506 434 546 relictis'‘
480 507 503 545 i.
544 519 576 546 e.
622 507 864 558 pauperibus
910 505 1143 560 (secundum
1182 506 1393 560 Kiaerum)
1441 506 1555 557 iungi

258 585 417 637 nequit,
447 585 634 636 quoniam
664 590 748 625 tum
778 590 912 637 poeta,
941 590 985 625 ut
1009 598 1163 638 semper
1178 586 1297 635 alias,
1324 589 1555 637 usurpasset

261 663 480 714 „tantum”

313 741 453 781 Restat
495 746 539 780 ut
577 746 825 781 transeamus
862 742 913 780 ad
951 742 1070 781 aliam
1098 742 1401 793 explicationem
1429 753 1553 792 quae,

256 820 290 859 si
333 820 430 871 quid
474 819 608 867 video,
650 820 780 859 locum
810 819 939 859 reddit
969 820 1233 872 perspicuum.
1279 819 1554 871 Incipiendum

256 903 315 938 est
354 899 406 939 ab
446 899 548 939 illis:
592 912 693 950 „non
734 904 793 939 est
832 898 897 939 hic
930 912 1058 939 sermo
1096 898 1265 952 pudicus
1302 899 1343 938 in
1378 898 1552 938 vetula.''

259 976 316 1017 Ut
345 978 443 1017 haec
472 983 577 1017 recte
606 978 886 1028 intellegamus
910 978 1189 1017 revertendum
1219 982 1278 1017 est
1306 978 1357 1017 ad
1388 991 1444 1017 vs.
1464 980 1552 1017 184.

257 1056 304 1095 In
333 1068 413 1108 quo
442 1057 527 1096 loco
557 1056 764 1096 tractando
787 1056 866 1096 iam
883 1056 1055 1096 vidimus
1070 1056 1118 1096 de
1133 1069 1179 1096 eo
1194 1056 1357 1107 linguae
1372 1055 1551 1096 Graecae

255 1148 331 1175 11811
369 1147 588 1174 sermonem
628 1147 735 1184 esse,
780 1147 859 1186 quo
883 1134 924 1174 id
954 1140 1107 1174 tantum
1137 1141 1260 1186 agant
1289 1135 1478 1183 feminae,
1511 1140 1554 1173 ut

255 1214 450 1254 formosae
489 1213 701 1254 videantur
740 1213 765 1253 i.
797 1226 829 1253 e.
860 1218 904 1253 ut
933 1213 1031 1253 viris
1060 1214 1254 1266 placeant.
1287 1213 1433 1254 Verbis
1465 1213 1554 1264 „hic

254 1292 408 1332 sermo''
449 1292 521 1331 tali
561 1291 676 1331 modo
715 1292 926 1343 explicatis
962 1292 1096 1331 statim
1127 1292 1169 1331 in
1198 1293 1334 1332 0011108
1362 1293 1550 1341 incurrit,

254 1384 379 1423 quare
418 1375 535 1423 poeta
568 1370 716 1411 dixerit
750 1370 857 1411 hunc
879 1383 1096 1411 sermonem
1122 1371 1146 1412 i.
1177 1384 1209 1412 e.
1240 1371 1359 1412 talem
1390 1371 1553 1423 linguae

252 1462 369 1490 usum
397 1449 558 1489 omnino
586 1449 628 1488 in
659 1450 795 1489 vetula
823 1461 909 1489 esse
938 1449 1315 1501 reprehendendum.

308 1528 525 1580 Sequentia
552 1533 661 1568 recta
688 1541 773 1568 esse
802 1541 881 1568 non
911 1533 1075 1579 possunt
1100 1530 1175 1569 nisi
1199 1529 1399 1569 addideris
1414 1529 1551 1580 aliqua

252 1613 291 1647 et
329 1607 558 1647 mutaveris.
597 1606 741 1646 Parvis
780 1606 1069 1646 mutationibus
1107 1608 1316 1659 legendum
1347 1612 1462 1660 puto:
1497 1606 1551 1646 At

251 1686 408 1736 quoties
436 1685 629 1725 lascivum
659 1685 874 1724 intervenit
905 1685 1006 1724 illud
1035 1691 1100 1728 ζωή
1126 1694 1178 1723 καὶ
1205 1689 1319 1736 ψυχή,
1347 1685 1461 1725 1110ᾶο
1476 1686 1551 1725 81111

252 1764 378 1803 lodice
417 1763 553 1802 relatis
594 1762 695 1815 (sive
733 1763 919 1813 graviore
957 1762 1138 1801 adhibita.
1176 1762 1348 1802 medela:
1379 1762 1548 1815 emissis)

252 1842 376 1882 uteris
414 1842 455 1881 in
493 1843 623 1881 turba.
666 1840 771 1892 „At”
813 1841 1034 1882 necessario
1063 1840 1288 1881 addendum
1319 1854 1403 1882 0880
1432 1846 1547 1894 puto,

251 1920 438 1972 quoniam
477 1920 595 1960 aliter
633 1920 730 1960 haec
767 1920 965 1960 sententia
1004 1919 1104 1959 nihil
1137 1919 1214 1959 nisi
1244 1920 1549 1972 explicationem

251 2000 426 2039 continet
456 2000 794 2051 praecedentium,
826 2013 906 2051 quo
931 2000 977 2039 fit
1006 2004 1051 2039 ut
1079 1998 1139 2048 id,
1169 1999 1275 2050 quod
1305 2003 1421 2051 poeta
1436 2011 1548 2051 supe-

249 2077 423 2118 rioribus
451 2077 665 2130 expressit,
696 2090 913 2117 sermonem
944 2076 1143 2118 Graecum
1172 2077 1331 2116 omnino
1357 2077 1398 2116 in
1414 2077 1549 2116 vetula

249 2169 335 2196 esse
364 2157 750 2208 reprehendendum,
787 2170 899 2196 suam
930 2157 1011 2196 vim
1040 2157 1209 2196 amittat.
1250 2156 1414 2196 Dixerit
1443 2157 1548 2196 enim

247 2234 466 2288 quispiam:
497 2234 634 2275 omitte
662 2234 789 2287 igitur
819 2234 920 2275 illud
951 2234 1166 2286 lascivum,
1199 2239 1302 2275 etex
1319 2234 1441 2274 animi
1464 2246 1548 2274 sen-

249 2315 376 2354 tentia
414 2327 539 2365 „pave
564 2315 638 2354 hoc
667 2328 847 2354 sermone
877 2320 917 2354 01
945 2315 1102 2354 effunde
1131 2315 1230 2353 iram
1261 2319 1370 2354 tuam
1399 2315 1548 2365 gaudia

249 2393 404 2434 cnras.’'
422 2393 601 2434 Verbum
620 2393 819 2445 „relictis”
833 2394 874 2433 in
888 2393 1074 2445 „relatis”
1092 2391 1254 2446 (referre
1263 2392 1526 2433 :enuntiare
1538 2424 1545 2443 ‚

247 2473 297 2512 cf.
327 2471 447 2523 Verg.
473 2471 574 2511 Aen.
601 2472 622 2511 I
638 2474 708 2511 94:
729 2472 852 2522 „talia
869 2484 962 2511 voce
979 2471 1141 2524 refert'')
1161 2472 1394 2511 mutandum
1410 2477 1489 2520 est,
1508 2476 1546 2511 et

249 2550 446 2602 particula
487 2550 650 2600 ⁷,mod0”
693 2550 810 2590 aliter
838 2550 1086 2602 explicanda.
1119 2549 1182 2590 Ita
1210 2550 1367 2590 demum
1398 2549 1547 2602 optima
