1816 2954
887 171 930 202 25

264 274 383 314 cubat
424 273 463 313 in
500 273 640 314 faciem
680 286 771 314 mox
799 273 942 314 deinde
970 259 1145 326 supinus.
1176 273 1308 326 Ergo!
1329 298 1381 304 —-
1410 273 1554 315 Secun-

264 350 357 390 dum
395 351 544 402 logices
582 357 790 404 praecepta
823 351 992 392 debebat
1020 353 1154 404 sequi:
1190 353 1299 392 rixas
1327 358 1491 404 quaeret
1514 357 1553 392 et

263 429 410 469 caedet.
442 428 549 479 Quid
573 434 704 470 autem
734 430 942 483 sequitur?
973 443 1092 483 „ergo
1116 443 1194 471 non
1224 431 1368 483 poterit
1383 430 1553 471 dormire

263 507 491 560 priusquam
528 521 705 549 somnum
745 509 833 550 rixa
859 509 993 550 facit.''
1024 508 1216 550 Miremur
1245 514 1383 562 poetae
1416 508 1550 563 (inter-

262 586 468 640 polatoris)
508 600 672 628 acumen
709 588 960 629 dialecticum
997 594 1037 628 et
1065 589 1282 629 disserendi
1311 588 1551 640 elegantiam

261 665 319 705 sie
347 665 637 705 ratiocinantis:
667 666 871 717 petulans,
899 666 969 717 qui
997 679 1076 706 non
1104 666 1266 715 cecidit,
1299 666 1449 718 patitur
1463 678 1549 705 noc

262 748 341 783 tem
381 743 617 795 insomnem3
657 756 771 796 ergo:
815 757 893 785 non
930 744 1075 797 poterit
1112 744 1282 785 dormire
1320 744 1551 797 priusquam

262 821 458 861 ceciderit.
501 821 595 861 Vel:
631 822 701 873 qui
729 827 881 862 noctem
905 823 1122 862 insomnem
1146 823 1297 874 patitur
1319 835 1398 861 non
1422 826 1551 874 potest

261 900 442 940 dormire.
478 900 663 941 Forsitan
692 901 822 942 dicas:
852 907 892 942 at
923 914 1001 942 non
1029 902 1177 953 legitur
1208 900 1444 952 „ceciderit”
1480 900 1548 941 sed

263 980 517 1032 „priusquam
545 976 724 1020 somnum
751 980 840 1020 rixa
867 979 1000 1020 facit.''
1040 979 1146 1020 Tum
1170 979 1313 1020 habes:
1344 979 1547 1032 petalam,

259 1059 329 1109 qui
366 1071 443 1098 non
482 1058 643 1108 cecidit,
683 1071 761 1098 non
797 1056 924 1110 potest
957 1058 1147 1108 dormire;
1178 1070 1274 1109 ergo
1298 1071 1377 1097 non
1406 1058 1550 1110 poterit

260 1136 432 1176 dormire
474 1137 703 1189 priusquam
745 1137 953 1177 rixabitur.
998 1136 1141 1189 Itaque
1177 1149 1324 1176 novum
1362 1140 1401 1175 et
1439 1136 1547 1175 inex—

259 1219 478 1266 spectatum
507 1215 581 1255 hoc
608 1215 734 1255 disce:
764 1215 833 1266 qui
861 1215 1023 1255 caedere
1052 1215 1140 1255 vult
1168 1215 1285 1255 debet
1319 1215 1455 1254 rixari.

312 1292 479 1333 Accedit
516 1293 621 1345 quod
662 1293 826 1344 „aliter”
856 1294 974 1345 plane
1002 1292 1190 1333 abundat.
1221 1292 1325 1332 Nam
1355 1292 1405 1332 ad
1436 1292 1547 1343 „dor-

259 1371 380 1410 mire”
424 1371 562 1410 referri
605 1383 681 1410 non
724 1376 869 1423 potest,
915 1375 1121 1422 propterea
1157 1371 1262 1422 quod
1303 1372 1474 1421 „cubare
1503 1371 1544 1410 in

258 1450 398 1490 faciem
436 1462 526 1490 mox
562 1449 704 1489 deinde
727 1449 917 1501 supinus⁷'
949 1462 1027 1489 non
1057 1454 1117 1489 est
1148 1448 1381 1500 „dormire'⁷‚
1413 1449 1471 1489 ita
1498 1454 1543 1489 ut

256 1529 304 1570 de
339 1529 420 1570 alia
455 1528 674 1570 dormiendi
712 1528 863 1569 ratione
900 1541 1026 1569 sermo
1060 1541 1146 1569 esse
1175 1542 1253 1569 non
1284 1527 1419 1581 possit.
1451 1528 1543 1567 Per-

255 1609 355 1648 tinet
406 1609 531 1659 igitur
571 1608 621 1648 ad
667 1620 769 1658 „non
811 1607 991 1660 poterit.”
1050 1606 1112 1648 Of.
1157 1608 1318 1660 Lupum
1332 1606 1376 1660 l).
1436 1605 1544 1656 Quid

254 1686 417 1727 autem?
457 1685 635 1737 „Aliter”
674 1698 764 1725 cum
800 1685 903 1724 idem
942 1697 1047 1725 nunc
1084 1686 1138 1725 sit
1174 1685 1280 1737 quod
1313 1685 1416 1736 „nisi
1445 1685 1541 1724 ceci-

254 1764 380 1804 derit'’
434 1777 571 1805 rursus
621 1764 744 1804 habes
795 1763 896 1803 hanc
936 1763 1172 1803 sententiam
1216 1763 1543 1815 pulcherrimam:

253 1855 348 1893 ergo
386 1856 463 1882 non
492 1842 635 1894 poterit
664 1842 835 1882 dormire
864 1842 940 1881 nisi
969 1841 1155 1881 ceciderit
1184 1842 1416 1893 priusquam
1445 1854 1543 1881 som-

253 1934 347 1962 num
389 1922 478 1961 rixa
518 1920 633 1961 facit!
674 1919 787 1970 Quae
829 1933 918 1960 cum
956 1920 1012 1960 ita
1057 1920 1136 1960 sint
1158 1915 1231 1960 'hie
1260 1932 1398 1960 versus
1427 1924 1544 1973 poeta

237 1998 442 2052 'indignus
470 2005 529 2040 est
563 1999 778 2040 habendus.

307 2078 397 2128 Quo
434 2079 558 2119 eiecto
596 2077 687 2117 vide
724 2089 842 2129 quam
881 2081 972 2129 apte
1010 2089 1066 2116 vs.
1098 2078 1177 2116 280
1207 2076 1430 2129 excipiatur
1459 2089 1543 2116 ver—

254 2158 335 2197 bis:
369 2169 572 2208 „somnum
600 2155 705 2209 (cum
734 2156 774 2194 vi
803 2156 844 2194 in
873 2155 1068 2206 principio
1098 2155 1285 2208 positum)
1305 2156 1394 2194 rixa
1409 2155 1542 2194 facit.''

299 2312 325 2352 ¹)
348 2312 511 2353 Lupus,
536 2310 711 2342 vindiciae
733 2309 987 2348 Iuvenalianae,
1012 2320 1044 2351 p.
1068 2310 1121 2340 30.
