1816 2954
895 180 939 212 63

776 350 842 383 VS.
867 352 1051 384 408-409.

698 473 863 515 Famam
890 488 1143 528 rumoresque
1170 476 1242 516 illa
1270 475 1441 516 recentis

474 552 620 604 excipit
648 552 698 592 ad
726 557 878 604 portas,
908 553 1098 605 quosdam
1129 554 1224 594 facit
1252 566 1332 605 eqs.

326 709 460 749 Verba
482 721 584 760 quae
602 713 694 749 sunt
724 709 937 761 „quosdam
965 710 1083 750 facit''
1105 710 1162 749 ita
1176 710 1280 750 nude
1294 711 1422 762 posita
1436 715 1553 759 sunt,

271 792 315 827 ut
329 791 463 839 putem
477 791 569 827 ante
585 786 728 838 „facit”
744 787 937 827 excidisse
951 788 1184 840 particulam
1198 796 1241 828 et.
1266 788 1433 828 Accedit
1448 788 1554 840 quod

270 866 312 906 in
339 878 434 907 voce
465 865 608 917 „facit”
639 865 765 906 omnis
787 866 1005 906 sententiae
1029 867 1089 907 vis
1113 867 1241 919 posita
1260 871 1330 907 est.
1361 865 1555 907 Conferas

270 943 353 985 Sat.
390 944 432 984 X
463 957 518 985 vs.
548 946 646 985 317:
692 948 831 995 „necat
867 943 932 985 hie
968 945 1092 995 ferro,
1133 949 1240 985 secat
1278 945 1347 985 ille
1376 945 1552 985 eruentis

270 1025 520 1072 verberibus,
549 1023 740 1074 quosdam
771 1023 982 1075 (moechos)
1012 1032 1043 1063 et
1072 1025 1233 1075 mugilis
1261 1024 1424 1064 intrat.'’

325 1100 527 1141 Particula
572 1107 603 1140 et
640 1100 682 1140 in
719 1098 865 1141 Codice
901 1099 1119 1141 Pithoeano
1155 1101 1273 1141 etiam
1310 1101 1455 1142 omissa
1493 1106 1553 1141 est

270 1179 352 1219 Sat.
381 1179 444 1219 VI
471 1181 562 1219 237.

772 1320 838 1354 Vs.
862 1319 1046 1353 45'7—468.

375 1457 446 1500 Nil
472 1471 551 1500 non
577 1458 769 1512 permittit
797 1458 938 1500 mulier
964 1458 1061 1510 sibi,
1091 1462 1206 1512 turpe
1233 1463 1347 1512 putat
1376 1459 1434 1500 nil
1454 1492 1462 1509 ‚

374 1548 464 1576 cum
492 1536 639 1576 virides
666 1548 840 1588 gemmas
867 1536 969 1576 collo
998 1536 1255 1576 circumdedit
1283 1542 1323 1576 et
1350 1550 1441 1577 cum

373 1616 538 1656 auribus
565 1616 737 1656 extentis
765 1628 929 1667 magnos
956 1616 1149 1656 commisit
1173 1616 1366 1656 elenchos.

265 1695 345 1733 460
375 1694 667 1734 intolerabilius
696 1693 797 1733 nihil
825 1698 885 1733 est
912 1706 1030 1745 quam
1058 1694 1204 1734 femina
1231 1694 1354 1734 dives.

373 1772 525 1813 interca
551 1772 666 1813 foeda
693 1776 854 1824 aspectu
882 1771 1124 1824 ridendaque
1151 1772 1276 1813 multo

373 1863 474 1903 pane
502 1855 627 1891 tumet
654 1851 774 1891 facies
803 1855 872 1891 aut
899 1850 1066 1903 pinguia
1088 1849 1325 1903 Poppaeana

373 1930 517 1983 spirat,
547 1934 587 1970 et
613 1930 707 1971 hinc
734 1929 866 1970 miseri
894 1929 1095 1970 viscantur
1123 1930 1236 1970 labra
1264 1930 1416 1970 mariti:

265 2010 344 2048 464
372 2008 423 2048 ad
452 2008 655 2048 moechum
682 2009 765 2049 lota
794 2008 957 2048 veniunt
986 2012 1087 2048 cute.
1116 2008 1273 2059 quando
1301 2008 1428 2048 videri

373 2087 461 2126 vult
489 2087 687 2127 formonsa
714 2085 847 2127 domi?
877 2085 1048 2126 moechis
1076 2086 1215 2126 foliata
1242 2091 1452 2138 parantur,

371 2164 434 2204 his
461 2164 624 2214 emitur,
654 2163 847 2216 quidquid
875 2163 1044 2216 graciles
1073 2163 1151 2203 huc
1178 2164 1336 2204 mittitis
1364 2164 1467 2205 Indi.

371 2242 529 2283 tandem
557 2243 684 2295 aperit
712 2242 867 2283 vultum
895 2246 934 2282 et
962 2241 1126 2289 tectoria
1154 2242 1281 2294 prima
1309 2244 1483 2295 reponit,

370 2322 511 2375 incipit
538 2322 700 2375 agnosci
729 2334 808 2374 eqs.

318 2478 468 2520 Versus
506 2481 717 2520 464—466
747 2478 989 2531 transposuit
1017 2477 1246 2530 Madvigius
1273 2483 1312 2518 et
1340 2479 1549 2519 collocavit
