1816 2954
858 192 898 223 77

238 299 282 335 ut
314 294 517 335 Naevolus
541 293 615 334 hoc
628 294 752 335 dicat:
786 295 1006 346 „sufficiunt
1020 295 1135 345 haec,
1153 295 1311 347 quando
1329 293 1517 347 (quando-

237 373 411 427 quidem)
443 386 593 426 pauper
620 374 710 414 ero'⁷
741 374 837 415 dicit
866 375 986 415 verba
1014 388 1116 427 quae
1143 378 1382 426 sequuntur,
1421 373 1517 425 quia

236 452 452 504 singularis
490 452 698 493 verborum
736 465 922 493 numerus
949 453 999 493 ad
1028 457 1199 505 quatuor
1228 452 1397 493 Naevoli
1424 457 1519 492 vota

236 530 333 570 dure
361 531 602 581 referantur,
640 535 774 572 votum
802 544 1074 583 praegressum
1103 532 1208 584 quod
1237 532 1397 583 singula
1425 536 1517 571 vota

237 609 278 648 in
322 621 444 649 unum
484 612 669 661 tanquam
707 609 937 660 contulerit,
977 609 1176 661 requirere
1211 609 1357 658 videri,
1397 609 1515 661 idque

236 691 369 727 votum
397 687 440 726 in
468 688 664 727 sententia
678 688 925 740 praecedenti
941 689 1063 728 latere
1081 688 1262 740 „quando
1277 701 1351 740 ego
1365 700 1516 740 pauper

235 764 326 805 er0'’
365 770 404 805 et
441 765 538 805 haec
578 766 700 806 verba
736 766 1016 818 interrogantis
1052 779 1147 806 esse.
1190 765 1333 816 Addit,
1368 767 1402 806 si
1430 778 1514 806 sen—

234 839 359 867 tentia
388 839 669 877 interrogantis
698 852 774 871 non
803 842 962 879 fuisset,
989 847 1142 881 poetam
1156 843 1394 876 adiectivum
1408 844 1513 884 quod

233 896 293 927 est
324 894 521 942 „pauper”
552 904 658 927 more
686 905 777 938 suo,
807 898 902 939 quia
929 898 1177 929 cohaerentia
1204 902 1394 930 sermonis
1421 902 1514 931 huic

234 994 429 1034 adiectivo
471 993 657 1035 maiorem
700 990 780 1036 vim
822 987 879 1037 sic
920 979 1154 1046 addidisset,
1204 973 1329 1048 primo
1376 993 1514 1038 VQPSUS

232 1056 318 1082 loco
357 1058 578 1092 positurum
616 1060 738 1086 fuisse
767 1063 979 1087 verisimile
1007 1072 1111 1089 esse:
1153 1074 1324 1099 „pauper
1356 1069 1514 1099 quando

233 1157 306 1197 ego
335 1126 439 1187 ero.’'

287 1219 441 1264 Verba,
485 1231 587 1269 quae
627 1225 719 1257 sunt
764 1226 923 1268 „votum
964 1223 1211 1258 miserabile''
1255 1224 1305 1258 ad
1343 1229 1514 1270 quatuor

233 1300 326 1337 vota
362 1296 460 1336 dure
497 1296 635 1336 referri
664 1296 751 1336 viro
778 1296 893 1336 docto
921 1295 1109 1346 concedo,
1146 1296 1202 1336 ita
1231 1300 1360 1336 tamen
1389 1300 1433 1336 ut
1461 1295 1512 1335 ad

232 1385 318 1421 eius
345 1385 568 1432 opinionem
582 1414 590 1430 ,
617 1384 737 1422 verba
764 1382 946 1433 „quando
960 1397 1110 1434 pauper
1124 1380 1214 1424 ero'’
1230 1376 1513 1434 interrogantis

230 1469 334 1510 esse,
375 1469 452 1499 non
482 1457 675 1499 accedam.
706 1457 821 1499 Talis
856 1458 1114 1511 interrogatio
1151 1470 1229 1498 non
1257 1462 1316 1498 est
1343 1458 1513 1497 hominis

231 1541 310 1581 iam
346 1540 542 1593 pauperis.
589 1539 710 1582 Dicat
748 1540 943 1594 quispiam
982 1553 1116 1582 vocem
1147 1538 1343 1594 „pauper”
1372 1538 1439 1581 hic
1466 1551 1512 1581 eo

230 1631 348 1661 sensu
376 1623 605 1673 usurpatam
634 1631 735 1671 esse,
766 1623 811 1661 ut
839 1619 1036 1673 significet
1068 1619 1149 1671 „ita
1176 1631 1325 1672 pauper
1338 1623 1383 1658 ut
1397 1623 1513 1671 poeta

230 1700 378 1740 ironice
426 1713 516 1740 eum
557 1701 787 1752 intellegere
829 1706 1100 1753 paupertatem
1142 1699 1275 1751 dicit'';
1319 1699 1387 1741 sed
1429 1704 1513 1740 tota

231 1781 367 1818 satura
390 1776 448 1817 ita
475 1781 701 1830 comparata
729 1781 808 1828 est,
839 1781 885 1818 ut
913 1776 1093 1817 Naevola
1119 1776 1407 1817 demonstretur
1435 1776 1512 1816 sibi

230 1856 358 1896 videri
401 1856 613 1896 admodum
654 1856 873 1906 modestus,
916 1857 968 1896 sit
1009 1857 1102 1897 licet
1137 1856 1511 1908 impudentissimus.

230 1933 360 1984 Quam
390 1934 441 1975 ob
469 1947 551 1975 rem
583 1933 780 1988 „pauper”
811 1934 969 1988 proprio
997 1946 1115 1975 sensu
1142 1933 1291 1975 dictum
1318 1937 1388 1974 est.

285 2011 326 2052 Si
373 2012 578 2053 Naevolus
615 2013 898 2065 interrogasset
937 2012 1118 2064 „quando
1154 2025 1303 2065 pauper
1343 2012 1435 2053 er0”
1473 2017 1513 2052 et

229 2104 334 2131 nova
360 2092 418 2132 ibi
446 2092 637 2144 inciperet
665 2092 881 2142 sententia,
911 2091 998 2131 fieri
1026 2104 1104 2131 non
1133 2095 1264 2144 posset
1278 2091 1376 2143 quin
1391 2091 1514 2131 verba

232 2175 392 2221 „votum
421 2169 669 2210 miserabile''
699 2173 738 2210 et
769 2181 865 2221 „nec
892 2181 981 2222 spes
1007 2168 1071 2209 his
1098 2168 1262 2208 saltem”
1288 2173 1395 2209 arcte
1409 2169 1513 2209 inter

229 2261 271 2288 se
300 2248 574 2299 cohaererent,
605 2253 644 2290 et
673 2253 841 2301 utraque
869 2247 1064 2289 sententia
1091 2247 1306 2300 pertineret
1335 2247 1386 2288 ad
1400 2247 1511 2288 illam

227 2326 598 2381 interrogationem,
638 2327 743 2381 quod
779 2331 911 2368 tamen
949 2330 1108 2380 propter
1145 2326 1339 2380 pluralem
1375 2339 1513 2380 prono-

227 2405 345 2446 minis
377 2406 488 2457 „his”
519 2419 726 2447 numerum
754 2418 892 2446 verum
920 2418 1005 2446 esse
1032 2418 1111 2445 non
1138 2410 1278 2458 potest.

282 2484 396 2526 Haec
437 2486 560 2527 verba
604 2498 700 2538 „nec
740 2498 829 2539 spes
870 2485 932 2526 his
973 2484 1137 2527 saltem”
1181 2497 1271 2526 cum
1307 2485 1514 2526 manifesto
