1816 2954
887 187 931 220 69

615 479 971 521 -SATURA
1025 481 1145 521 VIII.

788 643 854 676 VS.
881 645 1019 676 24—30.

986 775 1155 815 Sanctus
1183 776 1322 815 haberi

378 853 632 906 iustitiaeque
660 859 779 894 tenax
807 855 924 895 factis
951 854 1145 905 dictisque
1174 854 1355 903 mereris,

377 944 548 982 agnosco
577 945 795 984 procerem:
825 933 934 972 salve
963 932 1191 981 Gaetulice,
1223 945 1293 972 seu
1322 937 1366 972 tu

377 1009 548 1050 Silanus.
580 1022 827 1061 quocumque
854 1011 933 1050 alio
961 1010 1010 1050 de
1037 1011 1231 1061 sanguine
1259 1022 1372 1050 rarus

378 1088 477 1128 civis
506 1094 544 1128 et
573 1088 762 1140 egregius
790 1089 943 1141 patriae
971 1088 1168 1140 contingis
1196 1088 1351 1136 ovanti,

376 1167 597 1207 exclamare
625 1167 742 1216 libet,
775 1167 946 1219 populus
974 1166 1080 1218 quod
1108 1167 1251 1206 clamat
1281 1165 1389 1206 Osiri

381 1246 554 1286 invento.

313 1392 448 1432 Verba
483 1405 586 1443 quae
629 1398 720 1432 sunt
752 1405 1011 1444 „quocunque
1038 1393 1117 1432 alio
1141 1393 1189 1432 de
1218 1392 1436 1444 sanguine'’
1458 1405 1547 1432 cum

256 1470 307 1511 iis
344 1483 447 1523 quae
485 1470 724 1523 praecedunt
761 1470 875 1522 iungi
908 1471 1019 1511 nullo
1058 1470 1170 1511 modo
1213 1475 1387 1523 possunt.
1431 1470 1549 1511 Tunc

256 1549 361 1587 enim
398 1554 513 1600 poeta
548 1549 720 1588 scribere
759 1548 916 1588 debuit:
959 1560 1052 1596 „seu
1090 1554 1134 1588 tu
1172 1548 1333 1588 Silanus
1369 1561 1439 1588 seu
1467 1550 1548 1588 alio

257 1626 306 1667 de
348 1625 580 1678 sanguine.⁷⁷
634 1626 729 1667 Post
784 1624 994 1678 „Silanus”
1043 1626 1168 1678 igitur
1208 1626 1392 1678 graviore
1432 1626 1547 1678 signo

258 1704 530 1754 incidendum,
561 1709 600 1744 et
628 1718 653 1744 a
683 1705 966 1756 „quocunque”
997 1717 1100 1745 nova
1128 1705 1352 1757 incipienda
1379 1711 1439 1745 est
1462 1717 1548 1745 sen-

257 1783 403 1833 tentia,
433 1783 551 1823 sicuti
579 1783 746 1823 Iahnius
773 1783 867 1823 fecit
895 1783 1054 1835 aliique.

311 1859 519 1901 Sententia
556 1866 687 1901 autem
721 1861 938 1913 generalis,
969 1873 1072 1913 quae
1100 1866 1195 1902 tunc
1222 1862 1419 1911 nascitur,
1449 1861 1548 1902 adeo

258 1940 392 1993 inepta
433 1940 530 1980 mihi
573 1940 732 1992 quidem
776 1940 952 1989 videtur,
992 1944 1036 1980 ut
1064 1940 1134 1992 qui
1162 1940 1248 1980 fieri
1281 1940 1473 1992 potuerit,
1505 1946 1549 1981 ut

257 2018 373 2058 multi
416 2018 602 2071 doctique
647 2019 882 2071 interpretes
925 2018 1108 2059 Iahnium
1150 2018 1278 2059 secuti
1308 2018 1407 2068 sint,
1452 2019 1550 2059 satis

256 2097 393 2137 mirari
421 2110 500 2138 non
528 2097 685 2150 possim.
728 2096 835 2147 Quid
863 2096 995 2137 enim?
1034 2096 1257 2137 Habemus:
1286 2109 1549 2149 „quocunque

254 2176 334 2217 alio
363 2176 413 2217 de
436 2176 632 2228 sanguine
657 2176 756 2217 civis
775 2176 961 2229 egregius
991 2176 1142 2229 patriae
1173 2176 1392 2228 contingis,
1419 2176 1548 2217 excla—

257 2266 364 2294 mare
403 2254 525 2294 libet'’
566 2266 646 2307 eqs.
691 2254 927 2295 Gaetulicus
954 2267 1049 2306 ergo
1076 2259 1115 2294 et
1148 2253 1309 2295 Silanus
1336 2260 1376 2294 et
1404 2256 1549 2295 nobilis

255 2346 341 2374 esse
364 2347 444 2375 non
471 2334 611 2375 debes:
641 2334 690 2374 de
718 2334 797 2375 alio
826 2334 852 2374 i.
882 2346 915 2374 8.
932 2334 1086 2386 plebeio
1100 2333 1296 2386 sanguine
1310 2346 1549 2387 quocunque

254 2411 434 2464 genitum
462 2424 547 2453 esse
575 2417 615 2453 te
643 2416 808 2466 oportet.
857 2410 972 2462 Quod
1003 2412 1219 2453 absurdum
1246 2416 1318 2453 est.

310 2490 354 2531 Si
392 2492 589 2532 sententia
625 2492 824 2543 generalis
864 2496 943 2542 est,
982 2496 1021 2531 et
1060 2491 1117 2532 ita
1156 2504 1240 2532 esse
1269 2491 1405 2541 debet,
1436 2496 1551 2532 extra
