1816 2954
840 180 883 212 43

205 288 459 338 intellegant,
490 285 539 325 de
567 284 775 325 Corneliae
789 285 996 337 splendore
1012 285 1205 325 natalium
1220 285 1370 324 dictum
1388 297 1492 332 esse,

204 367 272 407 sed
308 365 358 406 de
396 364 546 405 Niobes
582 363 809 415 fertilitate3
840 369 879 404 et
908 364 1153 405 fertilitatem
1182 368 1301 416 atque
1332 363 1495 403 formam

205 446 350 484 bonum
394 442 494 482 illud
537 454 642 490 esse,
682 443 786 494 quod
825 455 1020 482 summum
1057 455 1269 493 rarumque
1296 442 1370 494 (vs.
1400 441 1491 494 179)

206 528 376 564 vocetur.

259 599 453 650 Quamvis
505 599 603 638 haee
654 600 925 651 interpretatio
979 601 1188 640 admodum
1230 600 1377 639 blanda
1419 600 1491 648 sit,

206 687 337 719 tamen
375 679 461 719 eius
500 679 696 719 illecebris
725 678 984 719 resistendum
1014 683 1084 719 est.
1125 678 1219 718 Vim
1244 678 1347 718 enim
1373 678 1492 718 infert

203 757 324 798 verbo
362 756 467 809 quod
511 761 569 797 est
614 768 679 808 „se
721 756 953 809 imputare.”
1012 756 1118 797 Num
1162 756 1338 796 Kiaerus
1379 757 1492 796 affert

205 837 331 876 ullum
370 837 524 884 locum,
563 848 641 887 quo
669 835 744 876 hoe
771 836 934 876 verbum
963 848 1008 875 eo
1036 848 1153 876 sensu
1182 841 1416 888 usurpetur,
1446 841 1491 877 ut

203 915 307 955 idem
337 914 388 955 sit
416 914 522 967 quod
553 927 618 965 „se
647 914 880 955 subioere'’?
919 914 1105 954 Attamen
1130 914 1231 955 hane
1255 914 1488 954 sententiam

202 994 240 1032 ei
283 993 455 1033 subdere
493 1006 572 1033 non
609 993 778 1033 dubitat.
817 993 994 1033 Verbum
1032 993 1252 1046 imputandi
1290 992 1489 1044 signifieat

205 1071 270 1122 ⁷,in
310 1075 471 1123 accepta
513 1070 696 1116 referre'',
740 1076 823 1111 tum
868 1071 1138 1122 „adscribere”
1181 1074 1220 1111 et
1263 1072 1303 1110 in
1346 1072 1488 1110 bonam

202 1154 351 1202 partem
390 1162 440 1184 =
483 1149 689 1200 „beneficii
717 1150 852 1189 collati
880 1150 965 1190 loeo
994 1149 1175 1202 ponere''‚
1205 1151 1245 1189 et
1273 1150 1313 1189 in
1343 1150 1488 1189 malam

199 1243 250 1282 ζ
273 1229 428 1270 obicere
456 1228 521 1283 (ef.
553 1228 669 1270 Ovid.
701 1228 795 1270 Met.
826 1228 870 1269 II
898 1230 996 1270 400:
1027 1233 1241 1281 natumque
1264 1229 1435 1269 obiectat
1449 1233 1488 1268 et

203 1308 371 1360 imputat
402 1307 514 1361 illis).
556 1307 669 1348 Conf.
700 1308 866 1349 Phaedr.
898 1308 918 1348 Ι
947 1310 998 1348 22
1028 1321 1085 1348 vs.
1110 1310 1133 1348 8
1159 1314 1197 1348 et
1224 1310 1284 1348 12.
1319 1308 1487 1348 Duobus

200 1387 363 1439 insuper
398 1387 554 1427 collatis
583 1387 698 1436 loeis,
729 1400 828 1439 quos
855 1386 963 1427 dedit
990 1386 1224 1427 Foroellini:
1255 1386 1352 1427 Tae.
1381 1386 1484 1426 Hist.

200 1464 221 1503 Ι
261 1466 333 1505 38:
376 1465 474 1515 ⁷,hoe
510 1466 636 1505 solum
674 1466 750 1505 erit
781 1470 997 1514 certamen,
1027 1465 1116 1517 quis
1145 1465 1242 1504 mihi
1271 1465 1484 1517 plurimum

199 1542 391 1595 imputet'’
431 1544 457 1583 i.
487 1556 519 1583 e.
562 1544 675 1595 „quis
714 1543 839 1583 maius
872 1543 968 1582 mihi
1007 1543 1239 1583 beneficium
1272 1543 1486 1583 contulisse

198 1633 240 1661 se
282 1621 408 1670 dieat,
452 1626 492 1661 et
530 1622 656 1673 magis
694 1634 755 1661 me
791 1621 867 1661 sibi
901 1622 1113 1661 obnoxium
1141 1634 1226 1661 esse
1254 1621 1481 1670 ostendat’';

199 1699 303 1739 Plin.
345 1699 442 1740 Pan.
487 1701 558 1740 24:
605 1700 781 1752 ⁷,copiam
823 1700 902 1749 tui,
942 1713 1020 1740 non
1058 1705 1102 1740 ut
1126 1700 1316 1752 imputes,
1345 1699 1481 1749 faeis’'‚

197 1778 294 1818 satis
322 1783 485 1830 apparet
513 1778 841 1830 significationem
868 1778 1131 1830 exprobrandi
1161 1779 1247 1818 voci
1274 1779 1413 1819 inesse.

254 1854 484 1896 Subiectum
523 1856 642 1896 huius
674 1856 786 1896 verbi
817 1855 965 1907 „uxor”
996 1857 1133 1908 procul
1160 1857 1281 1897 dubio
1309 1870 1394 1898 esse
1419 1871 1483 1910 po-

197 1938 294 1983 test,
326 1946 416 1974 nam
455 1934 495 1973 in
530 1939 613 1974 tota
637 1934 712 1975 hae
739 1935 861 1975 satira
888 1934 937 1974 de
965 1934 1173 1975 mulierum
1203 1935 1332 1984 vitiis,
1364 1936 1482 1976 etiam

197 2012 310 2052 nulla
329 2013 475 2052 mutati
499 2013 667 2053 subiecti
682 2013 972 2064 significatione
986 2013 1110 2061 faeta,
1141 2025 1243 2053 uxor
1257 2014 1321 2053 vel
1337 2015 1484 2054 femina

196 2089 241 2130 fit
270 2090 504 2131 subiectum.

250 2168 356 2209 Tum
394 2170 502 2210 notio
540 2170 760 2210 nobilitatis
796 2182 916 2221 quae,
956 2175 1001 2209 ut
1024 2182 1073 2209 ex
1102 2170 1188 2210 loeo
1219 2168 1357 2210 Ovidii
1387 2170 1480 2210 Met.

196 2247 258 2287 VI
299 2250 376 2288 170
413 2261 496 2301 sqq.
536 2254 663 2301 patet,
703 2249 857 2289 Niobae
889 2248 1070 2301 inprimis
1097 2249 1174 2289 fuit
1202 2249 1411 2301 perniciei,
1443 2255 1482 2290 et

195 2326 309 2368 ouius
337 2326 499 2368 stimulo
529 2327 648 2368 etiam
678 2326 863 2368 Cornelia
890 2339 1054 2379 magnos
1082 2326 1158 2367 sibi
1173 2327 1338 2380 spiritus
1352 2341 1482 2381 sump-

194 2410 319 2456 serat,
351 2406 467 2446 valde
495 2407 730 2458 requiritur,
767 2419 868 2458 quae
897 2407 1005 2446 notio
1034 2407 1180 2459 optime
1208 2421 1395 2460 expressa
1423 2412 1482 2448 est

196 2485 315 2525 verbo
339 2484 444 2537 quod
467 2491 526 2525 est
553 2484 791 2537 „gravitas''‚
810 2485 957 2538 quippe
971 2497 1049 2537 quo
1064 2485 1183 2525 etiam
1199 2499 1245 2525 ea
1261 2486 1482 2526 nobilitatis
