1816 2954
825 239 868 272 36

200 343 406 384 homines?
450 343 680 395 praesertim
727 355 817 383 cum
865 343 943 382 iam
985 347 1075 382 ante
1118 350 1148 381 εν
1186 350 1333 396 παρέργῳ
1374 355 1489 383 suum

199 434 341 462 aevum
370 426 450 461 tam
479 422 620 461 acerbe
648 420 949 474 perstrinxerit?
980 421 1081 461 Nam
1111 433 1214 472 quae
1239 421 1408 472 legimus
1432 434 1489 460 vs.

202 503 241 540 7:
274 500 406 552 „haud
435 500 577 540 similis
607 500 701 550 tibi,
733 499 931 554 Cynthia,
963 512 1035 540 nec
1059 500 1154 549 tibi,
1185 499 1299 540 cuius
1313 499 1490 557 turbavit

198 579 346 619 nitidos
387 579 607 619 exstinctus
649 592 785 631 passer
821 578 1009 628 ocellus’',
1049 578 1147 630 quid
1190 578 1253 618 his
1281 577 1490 618 acerbius?

199 656 296 707 quid
326 655 561 696 decentius?

728 787 792 820 VS.
821 788 961 820 50—51.

321 900 478 941 Paucae
506 900 604 940 adeo
632 899 790 940 Cereris
819 901 941 940 vittas
969 901 1199 952 contingere
1227 901 1393 953 dignae,

320 992 489 1031 quarum
521 992 598 1019 non
627 979 764 1019 timeat
793 984 906 1032 pater
935 980 1080 1020 oscula.

254 1107 310 1147 Hi
349 1120 488 1147 versus
522 1119 593 1160 per
621 1107 841 1160 asyndeton
870 1107 1097 1159 explicandi
1125 1111 1238 1147 sunt:
1270 1107 1368 1147 adeo
1397 1119 1490 1159 pau-

198 1199 268 1227 cae
309 1186 456 1238 dignae
493 1190 586 1226 sunt
625 1184 783 1226 Cereris
821 1185 943 1225 vittas
980 1185 1208 1237 contingere
1247 1190 1286 1225 et
1326 1184 1491 1239 (paucae

197 1263 307 1317 sunt)
338 1277 508 1316 quarum
538 1277 616 1305 non
641 1264 778 1304 timeat
792 1269 905 1316 pater
920 1264 1066 1304 oscula.
1098 1263 1173 1304 Est
1188 1265 1312 1305 multo
1327 1264 1491 1316 gravius

198 1356 318 1395 quam
357 1343 478 1383 illud:
521 1355 696 1395 „paucae
733 1343 791 1382 ita
817 1342 964 1393 dignae
994 1347 1088 1383 sunt
1111 1342 1234 1382 vittas
1262 1343 1491 1394 contingere

198 1426 242 1462 ut
285 1426 398 1473 pater
444 1434 522 1461 non
565 1421 703 1461 timeat
754 1420 927 1470 oscula’',
972 1421 1076 1461 sicut
1112 1421 1363 1473 interpretati
1399 1425 1491 1461 sunt

199 1499 263 1541 W.
294 1500 341 1540 E.
375 1500 570 1541 Weberus
611 1505 650 1540 et
691 1500 923 1540 Teuffelius.
963 1500 1132 1553 Insuper
1171 1513 1247 1541 non
1286 1501 1492 1553 quaeritur

197 1591 292 1619 num
335 1579 427 1630 plus
468 1579 649 1619 minusve
691 1579 837 1630 dignae
879 1579 980 1628 sint,
1025 1579 1093 1619 sed
1122 1580 1329 1630 quaeritur
1357 1585 1491 1619 utrum

197 1656 343 1709 dignae
370 1657 451 1697 sint
478 1670 530 1697 an
559 1670 636 1697 non
666 1657 757 1697 sint.

727 1808 794 1840 VS.
818 1809 959 1841 56-58.

623 1924 749 1966 Vivat
778 1924 944 1976 Gabiis,
975 1931 1020 1967 ut
1050 1926 1154 1967 vixit
1183 1927 1226 1967 in
1254 1940 1371 1979 agro,

316 2005 426 2044 vivat
454 2004 639 2054 Fidenis,
671 2008 711 2044 et
740 2005 871 2057 agello
900 2004 996 2045 cedo
1025 2009 1199 2057 paterno.

314 2083 406 2134 quis
433 2087 567 2122 tamen
592 2083 780 2132 affirmat,
812 2083 870 2122 nil
899 2088 1032 2123 actum
1061 2084 1103 2123 in
1132 2084 1334 2124 montibus
1362 2090 1435 2125 etc.

253 2204 344 2245 Non
368 2204 556 2244 audiendi
580 2209 673 2245 sunt
698 2205 744 2254 ii,
771 2205 858 2256 qui,
885 2209 930 2245 ut
948 2204 1239 2259 Weidnerus¹)‚
1257 2206 1355 2247 haec
1369 2207 1491 2247 verba

196 2283 254 2324 sic
282 2287 463 2323 vertunt:
497 2283 556 2334 „si
586 2282 723 2323 eadem
753 2283 826 2323 illa
854 2295 981 2335 aeque
1005 2288 1154 2324 castam
1181 2288 1220 2324 et
1243 2284 1490 2325 innocentem

196 2376 238 2403 se
279 2363 442 2415 praebet
485 2362 549 2402 vel
591 2361 735 2403 Gabiis
778 2363 842 2403 vel
886 2362 1072 2413 Fidenis,
1113 2364 1243 2405 libens
1279 2377 1353 2417 ego
1395 2365 1490 2406 cedo

244 2545 270 2587 ¹)
294 2545 315 2577 l.
341 2545 361 2577 l.
386 2555 463 2588 pag.
488 2546 562 2578 120.
