1816 2954
833 208 877 239 24

252 310 390 350 Lectio
430 310 554 361 „haec
590 309 870 361 Asianorum’',
909 323 1029 362 quam
1055 311 1170 351 multi
1198 315 1238 351 et
1266 312 1360 352 boni
1388 312 1491 353 eodi-

198 400 262 427 ees
294 388 462 435 habent,
503 388 605 428 falsa
640 400 726 428 esse
767 388 943 437 videtur,
979 388 1085 440 quod
1113 388 1155 427 in
1185 389 1379 442 principio
1410 402 1494 430 ver-

196 479 332 516 suum,
377 467 410 507 si
453 472 514 507 ter
550 472 741 519 quaterve
779 467 883 507 idem
926 467 1163 508 vocabulum
1205 467 1377 520 positum
1407 473 1489 519 est,

197 545 400 586 Iuvenalis
451 558 674 598 nunquam,
729 546 835 598 quod
881 546 983 596 seio,
1027 546 1101 586 hoe
1145 546 1308 587 verbum
1351 551 1490 588 mutat.

250 624 472 664 Mutatione
519 625 594 665 hoe
635 626 721 665 loeo
762 637 808 665 eo
850 626 982 664 minus
1023 637 1123 676 opus
1162 629 1222 665 est
1259 625 1386 677 quod,
1432 626 1492 665 uti

195 702 274 741 iam
311 701 446 742 docuit
488 702 727 742 Weidnerus
742 701 770 754 ¹)
812 714 1025 754 pronomen
1056 701 1171 752 „hie”
1202 703 1423 754 promiscue
1453 707 1491 743 et

195 780 244 819 de
274 780 372 820 viris
399 785 438 820 et
467 780 516 820 de
541 780 699 820 feminis
727 780 893 831 dieitur,
929 785 974 820 ut
1001 784 1137 833 aperte
1166 781 1295 821 elucet
1323 793 1373 821 ex
1405 780 1488 821 Sat.

195 857 274 908 VI,
306 860 356 898 47
362 860 384 898 9
414 858 484 899 ubi
509 858 719 898 manifesto
748 862 788 898 et
815 857 865 897 de
893 858 1052 898 feminis
1080 870 1209 898 sermo
1238 863 1312 899 est.

684 1074 687 1077 ,
707 1040 772 1073 VS.
799 1039 984 1073 278—282.

301 1167 451 1208 Ebrius
479 1180 526 1209 ae
553 1168 757 1220 petulans,
788 1167 859 1219 qui
887 1167 1042 1208 nullum
1072 1168 1174 1208 forte
1203 1167 1368 1218 cecidit,

299 1246 369 1286 dat
396 1259 561 1298 poenas,
593 1251 747 1286 noctem
777 1247 927 1299 patitur
955 1247 1130 1298 lugentis
1158 1247 1331 1287 amicum

299 1325 481 1376 Pelidae,
512 1326 632 1365 cubat
660 1325 702 1364 in
729 1325 889 1375 faeiem,
921 1337 1011 1364 mox
1039 1324 1182 1365 deinde
1206 1324 1387 1376 supinus.

299 1416 394 1455 ergo
422 1416 501 1443 non
528 1404 646 1444 aliter
674 1403 819 1456 poterit
846 1402 1045 1443 dormire?
1074 1402 1313 1454 quibusdam

298 1494 480 1522 somnum
508 1482 598 1522 rixa
625 1482 733 1522 facit.

243 1604 415 1646 Versum
457 1607 533 1646 281
578 1606 630 1645 ab
669 1604 892 1645 Heineekio
929 1608 968 1644 et
1005 1608 1093 1657 post
1129 1616 1220 1644 eum
1249 1617 1274 1644 a
1300 1603 1483 1656 plurimis

187 1683 361 1723 deletum
399 1684 627 1723 coniectura
664 1684 873 1723 restituere
900 1694 1027 1734 nuper
1054 1687 1220 1722 conatus
1247 1686 1307 1721 est
1337 1681 1482 1722 Gusta-

189 1774 263 1801 vus
292 1761 556 1802 Hoffmannus
568 1761 598 1815 ²)
631 1762 764 1814 legere
793 1761 956 1802 iubens:

268 1886 363 1926 ergo
392 1887 471 1914 non
500 1875 618 1914 aliter
647 1875 792 1926 poterit
819 1874 1011 1924 dormire,
1045 1874 1275 1926 priusquam
1303 1877 1377 1912 ete.

242 2002 333 2051 Qua
377 2002 606 2043 coniectura
642 2002 781 2042 melior
822 2002 898 2042 etsi
940 2001 1097 2043 videtur
1139 2002 1269 2042 faetus
1307 2013 1391 2041 esse
1432 2000 1486 2040 lo-

186 2094 279 2132 eus,
340 2093 426 2121 eam
478 2081 619 2121 falsam
683 2085 816 2121 tamen
868 2093 953 2121 esse
1000 2080 1116 2121 credo
1167 2091 1296 2132 neque
1350 2078 1484 2118 versui

185 2160 355 2199 salutem
409 2172 523 2211 posse
574 2160 726 2199 afferre.
775 2159 900 2200 Poeta
941 2160 1016 2200 hoe
1056 2159 1175 2199 dicit:
1220 2158 1371 2205 ebrius,
1414 2157 1485 2208 qui

185 2238 341 2281 nullum
379 2239 481 2279 forte
517 2238 679 2289 cecidit,
719 2238 872 2291 patitur
909 2242 1064 2279 noctem
1100 2238 1339 2287 insomnem,
1377 2247 1483 2275 nuuc

237 2405 247 2425 ¹
287 2405 308 2437 1.
334 2405 354 2437 l.
402 2416 422 2437 a
447 2429 455 2437 .
480 2406 532 2440 84.

230 2405 263 2507 2)>
281 2465 324 2497 In
348 2415 505 2509 {bf-{ma
543 2465 643 2498 Neue
666 2465 875 2498 Jahrbiicher
896 2465 950 2497 fiir
974 2465 1059 2498 Phil.
1083 2465 1152 2498 und
1175 2465 1273 2498 Paed.
1308 2465 1384 2499 Vol.
1409 2465 1482 2499 117.

184 2525 268 2556 Pars
293 2526 332 2564 5,
361 2536 392 2568 p.
417 2524 469 2557 78.
