1816 2954
903 208 946 240 10

274 308 525 350 damnatione
562 310 760 350 effecerint
796 315 841 350 ut
873 311 941 350 ille
977 310 1113 363 spoliis
1151 310 1229 351 frui
1268 315 1416 363 posset,
1458 311 1556 352 dum

275 391 360 427 tota
386 387 591 439 provincia
618 388 807 439 ploraret.

331 463 407 505 His
442 465 572 505 causis
606 464 801 505 adductus
837 478 976 506 censeo
1014 466 1063 506 iis
1100 465 1321 515 codicibus,
1351 465 1420 517 qui
1446 464 1558 505 exhi·

276 543 370 583 bent
417 543 506 595 „at”
550 542 899 595 obtemperandum
941 556 1038 584 esse.

329 621 497 673 Insuper
537 621 796 662 conferendus
823 628 882 661 est
909 621 992 662 Sat.
1024 622 1089 662 111
1119 636 1177 663 vs.
1211 624 1302 662 246.

332 698 422 738 Non
458 702 590 738 tamen
630 699 822 738 assentior
873 698 1179 739 Hackermanno
1194 701 1224 747 ¹)
1279 711 1368 739 cum
1423 698 1561 738 iisdem

274 775 476 816 codicibus
516 776 665 827 legenti
709 777 909 828 „premat”
958 782 996 816 et
1036 777 1182 833 dicenti
1224 777 1458 817 sententiam
1501 781 1564 827 „et

276 853 342 893 hic
380 878 430 883 —
468 854 624 906 ploras'’
662 867 740 894 non
778 854 948 907 pendere
986 868 1011 894 a
1049 855 1325 895 coniunctione
1355 854 1494 906 „cum”
1525 858 1563 894 et

275 931 445 971 conferri
483 932 637 972 iubenti
679 944 836 972 versum
878 932 997 972 huius
1037 937 1197 973 saturae
1241 935 1303 972 69.
1358 932 1461 973 Nam
1505 932 1561 971 ibi

278 1007 352 1061 (vs.
382 1010 432 1049 69
461 1008 565 1063 dico)
596 1021 700 1050 nova
727 1009 867 1062 incipit
895 1010 1111 1060 sententia,
1152 1014 1285 1050 nostro
1313 1014 1445 1051 autem
1476 1010 1561 1050 loco

274 1086 377 1127 duae
404 1088 623 1128 sententiae
650 1087 846 1140 particula
874 1100 977 1139 quae
1007 1093 1066 1128 est
1094 1075 1205 1139 „at''‚
1237 1088 1322 1138 vel⁷
1351 1088 1386 1129 si
1416 1088 1559 1138 mavis,

278 1166 388 1217 „et'',
433 1171 552 1217 atque
593 1166 754 1217 insuper
797 1166 938 1206 iterato
981 1165 1169 1205 adverbio
1215 1166 1328 1217 „hic”
1368 1166 1426 1206 ita
1453 1171 1560 1206 arcte

277 1244 487 1284 cohaerent
511 1248 555 1283 ut
578 1243 717 1284 divelli
742 1256 820 1284 non
850 1244 1001 1296 possint
1029 1249 1068 1283 et
1098 1244 1317 1284 necessario
1346 1244 1396 1284 ab
1427 1244 1561 1284 eadem

274 1323 550 1362 coniunctione
577 1322 772 1374 pendeant
800 1335 889 1363 cum
919 1322 1135 1363 indicativo
1164 1323 1310 1362 iuncta.

330 1400 421 1441 Non
448 1400 576 1452 magis
603 1400 743 1441 audias
771 1400 1030 1453 Rupertium‚
1074 1400 1124 1440 ad
1149 1413 1205 1440 vs.
1231 1402 1281 1440 47
1305 1399 1562 1440 conicientem

277 1478 518 1532 „plorantis”
572 1491 643 1531 pro
696 1478 959 1531 „prostantis”
1012 1478 1117 1530 quod
1158 1478 1253 1518 ferri
1296 1478 1406 1517 nullo
1448 1478 1561 1518 modo

274 1562 401 1610 potest
428 1562 587 1610 propter
609 1558 854 1610 provinciam
884 1570 974 1598 mox
1005 1558 1237 1609 plorantem.

802 1777 868 1809 VS.
894 1777 1035 1808 63—68.

382 1913 524 1954 Nonne
551 1913 649 1955 libet
676 1913 805 1955 medio
833 1926 944 1955 ceras
972 1913 1136 1966 implere
1165 1926 1328 1967 capaces

379 1993 608 2044 quadrivio,
638 2005 728 2033 cum
757 1994 835 2033 iam
865 1998 978 2033 sexta
1006 1993 1158 2032 cervice
1186 1994 1358 2042 feratur,

380 2071 473 2112 hinc
499 2076 617 2124 atque
644 2072 736 2112 inde
764 2076 904 2124 patens
931 2084 978 2112 ac
1007 2071 1114 2111 nuda
1141 2083 1264 2124 paene
1291 2071 1478 2112 cathedra

379 2155 418 2189 et
445 2150 614 2190 multum
642 2151 816 2190 referens
843 2150 893 2189 de
922 2149 1151 2189 Maecenate
1179 2150 1321 2201 supino

379 2228 557 2280 signator
585 2228 701 2278 falso,
731 2228 801 2280 qui
829 2241 871 2269 se
899 2228 1052 2269 lautum
1082 2233 1201 2280 atque
1229 2228 1386 2269 beatum

378 2305 536 2357 exiguis
564 2306 713 2345 tabulis
741 2310 780 2345 et
808 2318 965 2357 gemma
995 2307 1141 2346 fecerat
1171 2306 1276 2346 uda?

320 2502 344 2543 ¹)
369 2501 455 2533 Vide
480 2501 699 2533 Hfiekerm.
724 2501 783 2533 der
806 2501 895 2533 Pith.
922 2501 1002 2533 Ood.
1029 2512 1100 2544 pag.
1127 2502 1160 2532 3.
