1816 2954
875 234 918 266 82

249 341 343 381 fatis
384 340 655 393 sepulcrorum
696 344 741 379 ut
783 339 998 380 secundum
1036 343 1192 391 poetam
1228 350 1354 390 aeque
1390 351 1438 378 ac
1474 338 1546 378 illa

249 423 463 459 transeant.
502 418 746 458 Luculenter
783 418 823 457 id
857 422 965 469 patet
993 430 1042 457 ex
1067 430 1132 465 eo,
1163 417 1269 468 quod.
1302 416 1542 456 Hannibalis

249 497 392 537 summi
430 497 507 536 viri
535 497 619 536 fata
660 496 831 547 exempli
873 496 1005 546 gratia
1047 495 1167 535 refert
1204 495 1245 534 in
1285 495 1544 546 sequentibus

251 575 450 623 versibus,
503 579 542 613 et
593 574 789 613 exclamat
842 585 898 613 vs.
945 574 1042 613 159:
1088 585 1136 624 „0
1163 564 1323 624 'gloria!
1370 572 1544 612 vincitur

249 653 379 694 idem''
408 666 491 705 eqs.

304 732 437 772 Locus
464 731 521 771 ita
548 731 771 782 explicatus
800 730 898 769 mihi
927 730 1085 770 videtur
1110 731 1233 770 multo
1257 742 1343 770 esse
1358 730 1544 780 gravior,

250 810 456 861 multoque
484 809 613 861 magis
641 809 765 849 totius
792 814 952 848 saturae
976 809 1097 849 colori
1116 808 1352 861 respondere
1367 814 1405 848 et
1422 809 1544 848 menti

250 893 389 940 poetae
417 888 632 927 stoicorum
659 887 841 927 doctrina
868 887 1056 927 imbutae.

305 966 369 1006 Ex
408 966 458 1006 iis
494 977 598 1017 quae
634 965 720 1005 dixi
758 965 857 1005 satis
894 978 956 1005 me
992 965 1123 1005 iudice
1157 971 1323 1018 apparet
1351 978 1429 1005 non
1460 978 1545 1006 esse

249 1045 356 1097 quod
388 1056 546 1085 versum
578 1046 654 1084 146
683 1044 804 1084 eicias
831 1056 920 1084 cum
948 1043 1194 1084 Heinrichio.

758 1230 825 1263 VS.
850 1230 1034 1262 185—18'7.

367 1356 447 1397 Sed
473 1357 606 1409 qualis
633 1356 779 1397 rediit?
809 1369 949 1408 nempe
977 1369 1059 1397 una
1089 1369 1210 1407 nave,
1242 1358 1419 1398 cruentis

366 1436 555 1476 fluctibus
582 1449 629 1476 ac
658 1435 773 1475 tarda
801 1448 872 1487 per
900 1435 1022 1475 densa
1050 1435 1245 1475 cadavera
1274 1448 1401 1487 prora.

369 1515 441 1554 has
469 1515 614 1554 totiens
643 1519 779 1566 optata
807 1514 942 1565 exegit
970 1514 1100 1565 gloria
1128 1526 1285 1566 poenas.

303 1671 369 1711 Ad
410 1684 458 1711 ea
498 1683 601 1723 quae
644 1670 951 1724 Weidnerum1)
1008 1671 1250 1723 impulerunt
1293 1672 1343 1711 ad
1387 1685 1544 1713 versum

248 1756 488 1804 postremum
525 1750 737 1790 delendum
775 1750 950 1799 accedit,
990 1750 1096 1801 quod
1137 1750 1389 1791 vehementer
1424 1752 1545 1803 friget

247 1835 336 1883 post
364 1830 675 1882 pulcherrimum
704 1842 862 1869 versum
887 1829 1186 1881 praecedentem
1200 1834 1239 1869 et
1254 1830 1325 1882 qui
1340 1831 1544 1882 periodum

247 1908 408 1949 claudat
444 1908 705 1960 aptissimum.
766 1907 1048 1948 Verumtamen
1101 1907 1227 1948 eicere
1275 1921 1432 1949 versum
1465 1922 1544 1949 non

247 1987 386 2027 ausim.
432 1986 536 2026 Nam
573 1986 615 2025 in
654 1986 729 2026 hac
765 1990 921 2035 satura,
963 1997 1083 2037 quam
1121 1999 1199 2026 non
1237 1982 1373 2026 eodem
1401 1987 1544 2028 mentis

248 2066 386 2116 vigore
427 2077 506 2116 quo
543 2064 767 2116 superiores
805 2064 992 2115 scriptam
1030 2077 1115 2104 esse
1156 2065 1448 2105 concedendum
1485 2071 1544 2105 est

248 2142 494 2192 Ribbeckio,
539 2146 655 2194 poeta
696 2142 797 2181 tales
841 2141 1116 2182 meditationes
1160 2143 1324 2182 iteratas
1363 2143 1543 2183 versibus

246 2222 482 2262 interserere
519 2225 637 2260 amat.
682 2219 923 2260 Conferendi
960 2225 1054 2260 sunt
1093 2233 1147 2261 vs.
1189 2222 1261 2271 55,
1304 2222 1401 2271 166,
1444 2222 1541 2271 172,

247 2302 346 2351 243,
378 2301 477 2350 306,
508 2301 608 2350 323,
640 2301 739 2350 349,
772 2301 998 2339 363—366.

295 2536 319 2576 ¹)
344 2536 364 2567 l.
392 2536 412 2567 l.
439 2546 514 2578 pag.
539 2537 612 2567 231.
