1816 2954
843 197 881 231 81

272 305 444 345 Miratur
473 303 520 343 E.
553 302 604 343 Gr.
635 302 830 343 Weberus
849 302 878 355 l)
911 303 1105 343 neminem
1120 303 1293 343 haesisse
1308 303 1349 342 in
1365 302 1505 343 ultimo

219 397 355 434 versu,
396 394 623 435 quanquam
661 382 778 422 inane
816 386 854 421 et
892 381 1098 422 molestum
1136 380 1318 422 videatur
1356 380 1506 421 addita-

219 467 404 502 mentum.
451 460 559 509 Quid
596 460 700 499 enim
738 473 977 499 summorum
1015 461 1189 500 virorum
1227 462 1310 500 fata
1338 473 1506 501 eommu-

219 540 348 582 nionis
400 539 545 580 habere
597 550 686 579 eum
728 538 821 579 fatis
862 538 1160 592 sepulcrorum?
1212 538 1401 579 Attamen
1444 538 1507 578 his

219 618 351 658 verbis
395 618 574 668 graviter
612 617 885 656 laborantibus
923 618 1118 657 auxilium
1155 619 1294 657 afferre
1332 619 1506 658 codicem

220 696 559 739 Zwiokaviensem
588 708 658 749 pro
678 694 812 747 „istis”
830 694 1038 736 habentem
1056 695 1199 748 „illis”
1231 694 1322 746 Qua
1337 697 1506 738 lectione

219 780 377 828 recepta
405 775 640 815 sententiam
669 775 836 814 emicare
865 775 1209 826 elegantissimam.
1259 776 1377 816 Nune
1406 777 1505 817 viro-

219 868 306 896 rum
358 853 637 895 excellentium
689 853 871 906 sepulcra
919 853 1101 906 intellegi
1151 859 1190 894 et
1236 858 1391 907 poetam
1433 854 1506 896 1100

219 931 412 972 voluisse:
452 943 693 971 summorum
731 931 905 970 virorum
943 932 1092 983 pariter
1119 944 1166 971 30
1194 933 1420 983 vulgarium
1449 946 1505 972 se-

220 1012 359 1064 pulcra
396 1010 540 1051 deleri:
583 1009 731 1051 ideirco
768 1023 911 1050 vanam
948 1010 1108 1051 illorum
1146 1022 1254 1063 spem
1291 1023 1394 1063 esse,
1435 1011 1505 1064 qui

219 1089 445 1129 memoriam
483 1088 546 1128 sui
579 1100 789 1140 rerumque
817 1092 1017 1139 gestarum
1046 1089 1214 1140 gloriam
1243 1091 1506 1129 monumentis

219 1173 419 1210 servatum
449 1168 500 1207 iri
528 1167 764 1208 existiment.

273 1247 349 1287 Vir
390 1247 529 1287 doetus
570 1246 620 1286 de
661 1258 733 1286 suo
773 1245 871 1286 mihi
912 1246 1068 1286 videtur
1106 1246 1258 1297 aliquid
1295 1246 1504 1287 addidisse.

220 1326 448 1378 Distinguit
476 1325 582 1365 enim
611 1325 714 1365 inter
742 1337 982 1365 summorum
1011 1325 1186 1365 virorum
1214 1326 1297 1365 fata
1312 1330 1351 1365 et
1364 1339 1506 1365 vanam

219 1404 379 1445 illorum
407 1416 516 1457 spem
544 1403 615 1456 qui
642 1415 727 1455 sqq.
759 1401 873 1452 Quae
902 1407 1032 1443 tamen
1061 1403 1196 1444 eodem
1226 1403 1402 1444 redeunt.
1439 1404 1507 1444 Illi

220 1483 298 1522 viri
336 1483 480 1523 summi
517 1482 636 1522 iidem
674 1487 766 1522 sunt
802 1495 849 1522 30
891 1482 977 1533 „illi
1006 1495 1109 1522 vana
1136 1495 1204 1534 spe
1232 1482 1415 1535 decepti?
1443 1483 1507 1523 vel

220 1560 352 1613 potius
395 1564 512 1612 poeta
554 1572 726 1599 summos
768 1560 875 1599 viros
917 1564 1033 1599 vocat
1074 1560 1252 1600 homines
1294 1573 1398 1600 vana
1439 1574 1509 1613 spe

219 1638 414 1691 deceptos.
460 1638 563 1679 Nam
591 1638 633 1678 in
662 1642 746 1678 tota
775 1638 850 1678 1130
878 1642 1014 1678 satura
1042 1638 1115 1679 1100
1143 1639 1227 1690 agit
1255 1644 1299 1679 ut
1327 1640 1508 1680 ostendat

220 1731 324 1759 vana
366 1730 451 1759 esse
493 1722 532 1758 et
574 1716 764 1770 fugienda
806 1717 1007 1758 hominum
1049 1716 1200 1768 studia,
1240 1718 1310 1770 qui
1346 1718 1509 1759 divitias

220 1797 389 1849 gloriam
425 1797 524 1837 talia
562 1801 772 1837 sectentur.
812 1796 955 1848 Itaque
982 1796 1057 1837 1100
1084 1797 1212 1837 voluit
1240 1801 1374 1837 nostro
1402 1799 1507 1839 loeo:

223 1876 348 1926 „alios
375 1876 555 1916 stimulat
583 1875 714 1927 gloria
742 1880 783 1915 et
809 1875 938 1916 laudis
953 1875 1114 1928 cupido,
1145 1888 1264 1928 quam
1279 1881 1508 1928 perpetuam

220 1953 305 1993 fore
331 1953 410 1993 sibi
438 1953 696 2005 persuadent,
727 1966 817 1993 113111
846 1953 920 1992 etsi
948 1965 1090 2005 eorpus
1114 1954 1301 2003 intereat,
1327 1955 1510 2005 sepulcra

220 2044 341 2072 saxea
369 2036 500 2072 tamen
529 2044 715 2072 mansura
742 2031 863 2072 esse.'’
901 2030 1013 2080 Quae
1043 2043 1105 2071 res
1133 2031 1255 2072 falsos
1283 2044 1349 2072 eos
1377 2032 1508 2073 habet.

222 2108 413 2162 Sepulera
450 2110 538 2162 ipsa
575 2123 648 2149 sua
685 2110 769 2150 fata
804 2109 969 2159 habent,
1010 2122 1100 2149 nam
1124 2122 1186 2149 res
1215 2110 1280 2149 vel
1308 2110 1511 2150 levissima

221 2188 272 2228 ad
310 2201 357 2229 ea
393 2189 642 2230 discutienda
681 2189 798 2229 valet.
842 2187 1047 2228 Sententia
1080 2188 1168 2228 ideo
1197 2189 1397 2240 generalis
1425 2202 1510 2229 esse

221 2267 357 2318 debet,
396 2273 441 2308 ut
478 2268 531 2308 sit
567 2268 671 2308 idem
708 2268 813 2320 quod
850 2267 1010 2318 „mundi
1038 2268 1167 2318 gloria
1195 2268 1376 2307 transit.⁷⁷
1422 2268 1510 2308 Hoc

222 2357 317 2397 ergo
365 2358 607 2387 summorum
645 2346 820 2386 virorum
861 2346 944 2386 fata
986 2358 1190 2385 commune
1232 2346 1379 2386 habent
1421 2359 1510 2387 oum

270 2514 295 2555 ¹)
318 2514 391 2545 Iuv.
418 2515 485 2546 Sat.
511 2525 586 2557 pag.
611 2515 677 2546 322
701 2525 770 2556 sqq.

1351 2566 1380 2589 11
