<?xml version="1.0" encoding="UTF-8"?>
<!DOCTYPE html PUBLIC "-//W3C//DTD XHTML 1.0 Transitional//EN"
    "http://www.w3.org/TR/xhtml1/DTD/xhtml1-transitional.dtd">
<html xmlns="http://www.w3.org/1999/xhtml" xml:lang="en" lang="en">
 <head>
  <title>
</title>
<meta http-equiv="Content-Type" content="text/html;charset=utf-8" />
  <meta name='ocr-system' content='tesseract 3.04.00' />
  <meta name='ocr-capabilities' content='ocr_page ocr_carea ocr_par ocr_line ocrx_word'/>
</head>
<body>
  <div class='ocr_page' id='page_1' title='image "./4771781_0066.png"; bbox 0 0 1816 2954; ppageno 0'>
   <div class='ocr_carea' id='block_1_1' title="bbox 858 230 901 262">
    <p class='ocr_par' dir='ltr' id='par_1_1' title="bbox 858 230 901 262">
     <span class='ocr_line' id='line_1_1' title="bbox 858 230 901 262; baseline -0.023 0"><span class='ocrx_word' id='word_1_1' title='bbox 858 230 901 262; x_wconf 88' lang='lat'>58</span> 
     </span>
    </p>
   </div>
   <div class='ocr_carea' id='block_1_2' title="bbox 228 332 1526 1325">
    <p class='ocr_par' dir='ltr' id='par_1_2' title="bbox 230 332 1525 528">
     <span class='ocr_line' id='line_1_2' title="bbox 232 332 1525 385; baseline 0.001 -13"><span class='ocrx_word' id='word_1_2' title='bbox 232 332 292 372; x_wconf 91' lang='lat' dir='ltr'>Ut</span> <span class='ocrx_word' id='word_1_3' title='bbox 320 333 433 372; x_wconf 88' lang='lat' dir='ltr'>brevi</span> <span class='ocrx_word' id='word_1_4' title='bbox 457 332 701 384; x_wconf 82' lang='lat' dir='ltr'>praecidam:</span> <span class='ocrx_word' id='word_1_5' title='bbox 728 333 997 384; x_wconf 87' lang='lat' dir='ltr'>praedicatum</span> <span class='ocrx_word' id='word_1_6' title='bbox 1025 333 1131 384; x_wconf 91' lang='lat' dir='ltr'>quod</span> <span class='ocrx_word' id='word_1_7' title='bbox 1161 338 1221 373; x_wconf 89' lang='lat' dir='ltr'>est</span> <span class='ocrx_word' id='word_1_8' title='bbox 1249 333 1443 385; x_wconf 82' lang='lat' dir='ltr'>„linquit”</span> <span class='ocrx_word' id='word_1_9' title='bbox 1460 346 1525 385; x_wconf 92' lang='lat' dir='ltr'>po-</span> 
     </span>
     <span class='ocr_line' id='line_1_3' title="bbox 230 409 1521 463; baseline 0.001 -13"><span class='ocrx_word' id='word_1_10' title='bbox 230 410 351 450; x_wconf 88' lang='lat' dir='ltr'>situm</span> <span class='ocrx_word' id='word_1_11' title='bbox 388 410 490 451; x_wconf 90' lang='lat' dir='ltr'>foret</span> <span class='ocrx_word' id='word_1_12' title='bbox 527 422 598 463; x_wconf 91' lang='lat' dir='ltr'>pro</span> <span class='ocrx_word' id='word_1_13' title='bbox 633 409 726 462; x_wconf 87' lang='lat' dir='ltr'>„sed</span> <span class='ocrx_word' id='word_1_14' title='bbox 753 410 898 451; x_wconf 88' lang='lat' dir='ltr'>iterum</span> <span class='ocrx_word' id='word_1_15' title='bbox 927 409 1112 462; x_wconf 89' lang='lat' dir='ltr'>linquit”,</span> <span class='ocrx_word' id='word_1_16' title='bbox 1141 410 1247 463; x_wconf 92' lang='lat' dir='ltr'>quod</span> <span class='ocrx_word' id='word_1_17' title='bbox 1276 422 1354 451; x_wconf 89' lang='lat' dir='ltr'>non</span> <span class='ocrx_word' id='word_1_18' title='bbox 1382 410 1521 451; x_wconf 90' lang='lat' dir='ltr'>admit—</span> 
     </span>
     <span class='ocr_line' id='line_1_4' title="bbox 230 488 492 528; baseline 0 -1"><span class='ocrx_word' id='word_1_19' title='bbox 230 488 393 528; x_wconf 89' lang='lat' dir='ltr'>tendum</span> <span class='ocrx_word' id='word_1_20' title='bbox 422 493 492 527; x_wconf 89' lang='lat' dir='ltr'>est.</span> 
     </span>
    </p>

    <p class='ocr_par' dir='ltr' id='par_1_3' title="bbox 228 565 1526 1325">
     <span class='ocr_line' id='line_1_5' title="bbox 284 565 1524 608; baseline 0 -1"><span class='ocrx_word' id='word_1_21' title='bbox 284 566 387 607; x_wconf 83' lang='lat' dir='ltr'>Cum</span> <span class='ocrx_word' id='word_1_22' title='bbox 425 579 562 607; x_wconf 88' lang='lat' dir='ltr'>versus</span> <span class='ocrx_word' id='word_1_23' title='bbox 595 567 807 608; x_wconf 82' lang='lat'>225—226</span> <span class='ocrx_word' id='word_1_24' title='bbox 838 567 881 607; x_wconf 91' lang='lat' dir='ltr'>in</span> <span class='ocrx_word' id='word_1_25' title='bbox 910 567 1114 608; x_wconf 77' lang='lat' dir='ltr'>nonnullis</span> <span class='ocrx_word' id='word_1_26' title='bbox 1142 567 1346 608; x_wconf 81' lang='lat' dir='ltr'>codicibus</span> <span class='ocrx_word' id='word_1_27' title='bbox 1374 565 1524 607; x_wconf 89' lang='lat' dir='ltr'>deside-</span> 
     </span>
     <span class='ocr_line' id='line_1_6' title="bbox 229 644 1526 698; baseline -0.001 -14"><span class='ocrx_word' id='word_1_28' title='bbox 229 649 386 693; x_wconf 88' lang='lat' dir='ltr'>rentur,</span> <span class='ocrx_word' id='word_1_29' title='bbox 426 645 560 696; x_wconf 84' lang='lat' dir='ltr'>itaque</span> <span class='ocrx_word' id='word_1_30' title='bbox 597 645 639 683; x_wconf 90' lang='lat' dir='ltr'>in</span> <span class='ocrx_word' id='word_1_31' title='bbox 677 645 893 698; x_wconf 89' lang='lat' dir='ltr'>archetypo</span> <span class='ocrx_word' id='word_1_32' title='bbox 931 646 1098 685; x_wconf 88' lang='lat' dir='ltr'>fortasse</span> <span class='ocrx_word' id='word_1_33' title='bbox 1135 646 1242 685; x_wconf 92' lang='lat' dir='ltr'>lectu</span> <span class='ocrx_word' id='word_1_34' title='bbox 1283 644 1526 684; x_wconf 90' lang='lat' dir='ltr'>difficiliores</span> 
     </span>
     <span class='ocr_line' id='line_1_7' title="bbox 228 723 1524 777; baseline -0.001 -13"><span class='ocrx_word' id='word_1_35' title='bbox 228 724 397 773; x_wconf 88' lang='lat' dir='ltr'>fuerint,</span> <span class='ocrx_word' id='word_1_36' title='bbox 428 737 507 776; x_wconf 91' lang='lat' dir='ltr'>quo</span> <span class='ocrx_word' id='word_1_37' title='bbox 534 723 622 763; x_wconf 89' lang='lat' dir='ltr'>fieri</span> <span class='ocrx_word' id='word_1_38' title='bbox 650 724 842 776; x_wconf 89' lang='lat' dir='ltr'>potuerit,</span> <span class='ocrx_word' id='word_1_39' title='bbox 860 728 905 764; x_wconf 91' lang='lat' dir='ltr'>ut</span> <span class='ocrx_word' id='word_1_40' title='bbox 920 724 1062 765; x_wconf 89' lang='lat' dir='ltr'>tertius</span> <span class='ocrx_word' id='word_1_41' title='bbox 1082 737 1237 774; x_wconf 86' lang='lat' dir='ltr'>versus,</span> <span class='ocrx_word' id='word_1_42' title='bbox 1255 728 1391 777; x_wconf 84' lang='lat' dir='ltr'>utpote</span> <span class='ocrx_word' id='word_1_43' title='bbox 1408 724 1524 776; x_wconf 91' lang='lat' dir='ltr'>plane</span> 
     </span>
     <span class='ocr_line' id='line_1_8' title="bbox 228 801 1525 855; baseline -0.002 -13"><span class='ocrx_word' id='word_1_44' title='bbox 228 802 429 852; x_wconf 86' lang='lat' dir='ltr'>foedatus,</span> <span class='ocrx_word' id='word_1_45' title='bbox 474 814 676 854; x_wconf 86' lang='lat' dir='ltr'>nunquam</span> <span class='ocrx_word' id='word_1_46' title='bbox 719 806 808 854; x_wconf 90' lang='lat' dir='ltr'>post</span> <span class='ocrx_word' id='word_1_47' title='bbox 851 802 893 841; x_wconf 93' lang='lat' dir='ltr'>in</span> <span class='ocrx_word' id='word_1_48' title='bbox 935 806 1088 842; x_wconf 88' lang='lat' dir='ltr'>textum</span> <span class='ocrx_word' id='word_1_49' title='bbox 1118 802 1378 855; x_wconf 84' lang='lat' dir='ltr'>reciperetur,</span> <span class='ocrx_word' id='word_1_50' title='bbox 1422 801 1525 841; x_wconf 87' lang='lat' dir='ltr'>sicut</span> 
     </span>
     <span class='ocr_line' id='line_1_9' title="bbox 228 880 1523 933; baseline 0 -13"><span class='ocrx_word' id='word_1_51' title='bbox 228 882 348 921; x_wconf 88' lang='lat' dir='ltr'>etiam</span> <span class='ocrx_word' id='word_1_52' title='bbox 390 882 540 921; x_wconf 85' lang='lat' dir='ltr'>factum</span> <span class='ocrx_word' id='word_1_53' title='bbox 582 893 667 921; x_wconf 89' lang='lat' dir='ltr'>esse</span> <span class='ocrx_word' id='word_1_54' title='bbox 710 881 891 921; x_wconf 87' lang='lat' dir='ltr'>videmus</span> <span class='ocrx_word' id='word_1_55' title='bbox 928 881 970 920; x_wconf 92' lang='lat' dir='ltr'>in</span> <span class='ocrx_word' id='word_1_56' title='bbox 1009 880 1091 921; x_wconf 85' lang='lat' dir='ltr'>Sat.</span> <span class='ocrx_word' id='word_1_57' title='bbox 1131 881 1198 920; x_wconf 93' lang='lat' dir='ltr'>III</span> <span class='ocrx_word' id='word_1_58' title='bbox 1239 885 1327 933; x_wconf 90' lang='lat' dir='ltr'>post</span> <span class='ocrx_word' id='word_1_59' title='bbox 1365 892 1523 920; x_wconf 83' lang='lat' dir='ltr'>versum</span> 
     </span>
     <span class='ocr_line' id='line_1_10' title="bbox 228 957 1523 1008; baseline -0.002 -10"><span class='ocrx_word' id='word_1_60' title='bbox 228 958 499 1008; x_wconf 91' lang='lat' dir='ltr'>undecimum,</span> <span class='ocrx_word' id='word_1_61' title='bbox 532 959 602 998; x_wconf 92' lang='lat' dir='ltr'>ubi</span> <span class='ocrx_word' id='word_1_62' title='bbox 631 958 880 999; x_wconf 89' lang='lat' dir='ltr'>Ribbeckius</span> <span class='ocrx_word' id='word_1_63' title='bbox 908 959 1091 999; x_wconf 84' lang='lat' dir='ltr'>lacunam</span> <span class='ocrx_word' id='word_1_64' title='bbox 1119 959 1312 998; x_wconf 84' lang='lat' dir='ltr'>indicavit</span> <span class='ocrx_word' id='word_1_65' title='bbox 1341 971 1366 997; x_wconf 91' lang='lat' dir='ltr'>a</span> <span class='ocrx_word' id='word_1_66' title='bbox 1381 957 1523 997; x_wconf 90' lang='lat' dir='ltr'>Iahnio</span> 
     </span>
     <span class='ocr_line' id='line_1_11' title="bbox 229 1036 1522 1090; baseline -0.001 -12"><span class='ocrx_word' id='word_1_67' title='bbox 229 1038 271 1078; x_wconf 91' lang='lat' dir='ltr'>in</span> <span class='ocrx_word' id='word_1_68' title='bbox 299 1042 453 1078; x_wconf 85' lang='lat' dir='ltr'>textum</span> <span class='ocrx_word' id='word_1_69' title='bbox 482 1042 703 1090; x_wconf 87' lang='lat' dir='ltr'>receptum,</span> <span class='ocrx_word' id='word_1_70' title='bbox 735 1037 805 1077; x_wconf 83' lang='lat' dir='ltr'>vix</span> <span class='ocrx_word' id='word_1_71' title='bbox 833 1037 1000 1078; x_wconf 91' lang='lat' dir='ltr'>dubium</span> <span class='ocrx_word' id='word_1_72' title='bbox 1020 1050 1105 1078; x_wconf 87' lang='lat' dir='ltr'>esse</span> <span class='ocrx_word' id='word_1_73' title='bbox 1119 1037 1217 1077; x_wconf 91' lang='lat' dir='ltr'>mihi</span> <span class='ocrx_word' id='word_1_74' title='bbox 1233 1037 1407 1088; x_wconf 90' lang='lat' dir='ltr'>videtur,</span> <span class='ocrx_word' id='word_1_75' title='bbox 1424 1036 1522 1089; x_wconf 92' lang='lat' dir='ltr'>quin</span> 
     </span>
     <span class='ocr_line' id='line_1_12' title="bbox 228 1116 1519 1166; baseline -0.001 -10"><span class='ocrx_word' id='word_1_76' title='bbox 228 1120 320 1156; x_wconf 87' lang='lat' dir='ltr'>ante</span> <span class='ocrx_word' id='word_1_77' title='bbox 363 1129 420 1156; x_wconf 89' lang='lat' dir='ltr'>vs.</span> <span class='ocrx_word' id='word_1_78' title='bbox 460 1117 536 1156; x_wconf 79' lang='lat'>227</span> <span class='ocrx_word' id='word_1_79' title='bbox 583 1128 720 1156; x_wconf 82' lang='lat' dir='ltr'>versus</span> <span class='ocrx_word' id='word_1_80' title='bbox 763 1116 974 1166; x_wconf 83' lang='lat' dir='ltr'>exciderit,</span> <span class='ocrx_word' id='word_1_81' title='bbox 1013 1116 1128 1156; x_wconf 90' lang='lat' dir='ltr'>cuius</span> <span class='ocrx_word' id='word_1_82' title='bbox 1166 1116 1263 1156; x_wconf 90' lang='lat' dir='ltr'>haec</span> <span class='ocrx_word' id='word_1_83' title='bbox 1287 1116 1370 1155; x_wconf 89' lang='lat' dir='ltr'>fere</span> <span class='ocrx_word' id='word_1_84' title='bbox 1398 1116 1519 1156; x_wconf 88' lang='lat' dir='ltr'>fuerit</span> 
     </span>
     <span class='ocr_line' id='line_1_13' title="bbox 228 1194 1519 1247; baseline 0 -12"><span class='ocrx_word' id='word_1_85' title='bbox 228 1195 445 1235; x_wconf 89' lang='lat' dir='ltr'>sententia:</span> <span class='ocrx_word' id='word_1_86' title='bbox 493 1195 586 1247; x_wconf 87' lang='lat' dir='ltr'>„sed</span> <span class='ocrx_word' id='word_1_87' title='bbox 624 1208 702 1235; x_wconf 91' lang='lat' dir='ltr'>non</span> <span class='ocrx_word' id='word_1_88' title='bbox 738 1195 808 1235; x_wconf 91' lang='lat' dir='ltr'>diu</span> <span class='ocrx_word' id='word_1_89' title='bbox 845 1195 994 1247; x_wconf 85' lang='lat' dir='ltr'>gaudet</span> <span class='ocrx_word' id='word_1_90' title='bbox 1031 1195 1202 1244; x_wconf 88' lang='lat' dir='ltr'>amanti,</span> <span class='ocrx_word' id='word_1_91' title='bbox 1230 1208 1320 1235; x_wconf 89' lang='lat' dir='ltr'>nam</span> <span class='ocrx_word' id='word_1_92' title='bbox 1348 1194 1519 1235; x_wconf 90' lang='lat' dir='ltr'>iterum’&#39;</span> 
     </span>
     <span class='ocr_line' id='line_1_14' title="bbox 229 1273 540 1325; baseline 0 -12"><span class='ocrx_word' id='word_1_93' title='bbox 229 1273 294 1313; x_wconf 88' lang='lat' dir='ltr'>vel</span> <span class='ocrx_word' id='word_1_94' title='bbox 323 1274 403 1313; x_wconf 89' lang='lat' dir='ltr'>tale</span> <span class='ocrx_word' id='word_1_95' title='bbox 431 1273 540 1325; x_wconf 89' lang='lat' dir='ltr'>quid.</span> 
     </span>
    </p>
   </div>
   <div class='ocr_carea' id='block_1_3' title="bbox 735 1400 1013 1433">
    <p class='ocr_par' dir='ltr' id='par_1_4' title="bbox 735 1400 1013 1433">
     <span class='ocr_line' id='line_1_15' title="bbox 735 1400 1013 1433; baseline 0 -1"><span class='ocrx_word' id='word_1_96' title='bbox 735 1400 802 1433; x_wconf 82' lang='lat' dir='ltr'>VS.</span> <span class='ocrx_word' id='word_1_97' title='bbox 829 1401 1013 1433; x_wconf 86' lang='lat'>237—238.</span> 
     </span>
    </p>
   </div>
   <div class='ocr_carea' id='block_1_4' title="bbox 345 1522 1395 1654">
    <p class='ocr_par' dir='ltr' id='par_1_5' title="bbox 345 1522 1395 1654">
     <span class='ocr_line' id='line_1_16' title="bbox 345 1522 1301 1574; baseline -0.001 -10"><span class='ocrx_word' id='word_1_98' title='bbox 345 1522 520 1565; x_wconf 85' lang='lat' dir='ltr'>Abditus</span> <span class='ocrx_word' id='word_1_99' title='bbox 547 1523 699 1564; x_wconf 88' lang='lat' dir='ltr'>interea</span> <span class='ocrx_word' id='word_1_100' title='bbox 725 1523 823 1564; x_wconf 88' lang='lat' dir='ltr'>latet</span> <span class='ocrx_word' id='word_1_101' title='bbox 852 1527 892 1563; x_wconf 94' lang='lat' dir='ltr'>et</span> <span class='ocrx_word' id='word_1_102' title='bbox 919 1527 1094 1564; x_wconf 87' lang='lat' dir='ltr'>secretus</span> <span class='ocrx_word' id='word_1_103' title='bbox 1123 1522 1301 1574; x_wconf 85' lang='lat' dir='ltr'>adulter,</span> 
     </span>
     <span class='ocr_line' id='line_1_17' title="bbox 345 1601 1395 1654; baseline 0 -13"><span class='ocrx_word' id='word_1_104' title='bbox 345 1602 633 1654; x_wconf 79' lang='lat' dir='ltr'>impatiensque</span> <span class='ocrx_word' id='word_1_105' title='bbox 662 1614 794 1642; x_wconf 89' lang='lat' dir='ltr'>morae</span> <span class='ocrx_word' id='word_1_106' title='bbox 824 1606 942 1654; x_wconf 88' lang='lat' dir='ltr'>pavet</span> <span class='ocrx_word' id='word_1_107' title='bbox 970 1606 1009 1641; x_wconf 91' lang='lat' dir='ltr'>et</span> <span class='ocrx_word' id='word_1_108' title='bbox 1038 1602 1246 1654; x_wconf 89' lang='lat' dir='ltr'>praeputia</span> <span class='ocrx_word' id='word_1_109' title='bbox 1274 1601 1395 1641; x_wconf 91' lang='lat' dir='ltr'>ducit.</span> 
     </span>
    </p>
   </div>
   <div class='ocr_carea' id='block_1_5' title="bbox 222 1744 1520 2583">
    <p class='ocr_par' dir='ltr' id='par_1_6' title="bbox 222 1744 1520 2583">
     <span class='ocr_line' id='line_1_18' title="bbox 280 1744 1519 1797; baseline 0 -13"><span class='ocrx_word' id='word_1_110' title='bbox 280 1744 452 1784; x_wconf 87' lang='lat' dir='ltr'>Adulter</span> <span class='ocrx_word' id='word_1_111' title='bbox 479 1744 641 1784; x_wconf 87' lang='lat' dir='ltr'>abditus</span> <span class='ocrx_word' id='word_1_112' title='bbox 669 1745 710 1783; x_wconf 92' lang='lat' dir='ltr'>in</span> <span class='ocrx_word' id='word_1_113' title='bbox 740 1744 855 1784; x_wconf 92' lang='lat' dir='ltr'>domo</span> <span class='ocrx_word' id='word_1_114' title='bbox 884 1745 1088 1794; x_wconf 87' lang='lat' dir='ltr'>moechae,</span> <span class='ocrx_word' id='word_1_115' title='bbox 1119 1744 1213 1785; x_wconf 91' lang='lat' dir='ltr'>dum</span> <span class='ocrx_word' id='word_1_116' title='bbox 1241 1744 1339 1784; x_wconf 90' lang='lat' dir='ltr'>hora</span> <span class='ocrx_word' id='word_1_117' title='bbox 1362 1757 1519 1797; x_wconf 86' lang='lat' dir='ltr'>exspec-</span> 
     </span>
     <span class='ocr_line' id='line_1_19' title="bbox 225 1822 1520 1875; baseline -0.001 -12"><span class='ocrx_word' id='word_1_118' title='bbox 225 1828 310 1863; x_wconf 88' lang='lat' dir='ltr'>tata</span> <span class='ocrx_word' id='word_1_119' title='bbox 338 1823 491 1873; x_wconf 86' lang='lat' dir='ltr'>veniat,</span> <span class='ocrx_word' id='word_1_120' title='bbox 522 1822 670 1863; x_wconf 88' lang='lat' dir='ltr'>dicitur</span> <span class='ocrx_word' id='word_1_121' title='bbox 687 1835 857 1875; x_wconf 89' lang='lat' dir='ltr'>„pavere</span> <span class='ocrx_word' id='word_1_122' title='bbox 872 1822 1082 1875; x_wconf 81' lang='lat' dir='ltr'>impatiens</span> <span class='ocrx_word' id='word_1_123' title='bbox 1102 1835 1234 1863; x_wconf 91' lang='lat' dir='ltr'>morae</span> <span class='ocrx_word' id='word_1_124' title='bbox 1256 1827 1296 1862; x_wconf 94' lang='lat' dir='ltr'>et</span> <span class='ocrx_word' id='word_1_125' title='bbox 1311 1823 1520 1875; x_wconf 88' lang='lat' dir='ltr'>praeputia</span> 
     </span>
     <span class='ocr_line' id='line_1_20' title="bbox 225 1900 1520 1954; baseline -0.002 -12"><span class='ocrx_word' id='word_1_126' title='bbox 225 1901 407 1942; x_wconf 89' lang='lat' dir='ltr'>ducere.’⁷</span> <span class='ocrx_word' id='word_1_127' title='bbox 452 1900 566 1950; x_wconf 81' lang='lat' dir='ltr'>Quae</span> <span class='ocrx_word' id='word_1_128' title='bbox 605 1901 727 1941; x_wconf 89' lang='lat' dir='ltr'>verba</span> <span class='ocrx_word' id='word_1_129' title='bbox 758 1900 920 1954; x_wconf 89' lang='lat' dir='ltr'>(pavere</span> <span class='ocrx_word' id='word_1_130' title='bbox 948 1905 987 1940; x_wconf 95' lang='lat' dir='ltr'>et</span> <span class='ocrx_word' id='word_1_131' title='bbox 1016 1914 1075 1953; x_wconf 93' lang='lat' dir='ltr'>pr.</span> <span class='ocrx_word' id='word_1_132' title='bbox 1105 1900 1264 1954; x_wconf 90' lang='lat' dir='ltr'>ducere)</span> <span class='ocrx_word' id='word_1_133' title='bbox 1297 1913 1386 1941; x_wconf 92' lang='lat' dir='ltr'>cum</span> <span class='ocrx_word' id='word_1_134' title='bbox 1416 1901 1520 1940; x_wconf 93' lang='lat' dir='ltr'>inter</span> 
     </span>
     <span class='ocr_line' id='line_1_21' title="bbox 224 1979 1519 2032; baseline -0.001 -12"><span class='ocrx_word' id='word_1_135' title='bbox 224 1994 267 2020; x_wconf 88' lang='lat' dir='ltr'>se</span> <span class='ocrx_word' id='word_1_136' title='bbox 291 1993 369 2020; x_wconf 90' lang='lat' dir='ltr'>non</span> <span class='ocrx_word' id='word_1_137' title='bbox 393 1980 675 2032; x_wconf 85' lang='lat' dir='ltr'>respondeant,</span> <span class='ocrx_word' id='word_1_138' title='bbox 706 1985 745 2019; x_wconf 90' lang='lat' dir='ltr'>et</span> <span class='ocrx_word' id='word_1_139' title='bbox 777 1979 970 2032; x_wconf 86' lang='lat' dir='ltr'>„pavere”</span> <span class='ocrx_word' id='word_1_140' title='bbox 1001 1980 1103 2019; x_wconf 89' lang='lat' dir='ltr'>male</span> <span class='ocrx_word' id='word_1_141' title='bbox 1132 1980 1288 2020; x_wconf 85' lang='lat' dir='ltr'>dicatur</span> <span class='ocrx_word' id='word_1_142' title='bbox 1302 1979 1351 2019; x_wconf 92' lang='lat' dir='ltr'>de</span> <span class='ocrx_word' id='word_1_143' title='bbox 1367 1991 1432 2029; x_wconf 93' lang='lat' dir='ltr'>eo,</span> <span class='ocrx_word' id='word_1_144' title='bbox 1449 1979 1519 2030; x_wconf 91' lang='lat' dir='ltr'>qui</span> 
     </span>
     <span class='ocr_line' id='line_1_22' title="bbox 225 2057 1519 2111; baseline -0.001 -12"><span class='ocrx_word' id='word_1_145' title='bbox 225 2059 370 2099; x_wconf 91' lang='lat' dir='ltr'>amoris</span> <span class='ocrx_word' id='word_1_146' title='bbox 406 2058 601 2099; x_wconf 92' lang='lat' dir='ltr'>desiderio</span> <span class='ocrx_word' id='word_1_147' title='bbox 630 2059 827 2111; x_wconf 89' lang='lat' dir='ltr'>carpitur,</span> <span class='ocrx_word' id='word_1_148' title='bbox 870 2058 948 2098; x_wconf 88' lang='lat' dir='ltr'>iam</span> <span class='ocrx_word' id='word_1_149' title='bbox 978 2057 1126 2098; x_wconf 91' lang='lat' dir='ltr'>dudum</span> <span class='ocrx_word' id='word_1_150' title='bbox 1156 2058 1207 2098; x_wconf 86' lang='lat' dir='ltr'>ab</span> <span class='ocrx_word' id='word_1_151' title='bbox 1235 2058 1519 2111; x_wconf 80' lang='lat' dir='ltr'>interpretibus</span> 
     </span>
     <span class='ocr_line' id='line_1_23' title="bbox 224 2136 1519 2190; baseline -0.001 -12"><span class='ocrx_word' id='word_1_152' title='bbox 224 2138 273 2178; x_wconf 91' lang='lat' dir='ltr'>de</span> <span class='ocrx_word' id='word_1_153' title='bbox 307 2138 475 2178; x_wconf 89' lang='lat' dir='ltr'>lectione</span> <span class='ocrx_word' id='word_1_154' title='bbox 516 2137 684 2190; x_wconf 82' lang='lat' dir='ltr'>„pavet”</span> <span class='ocrx_word' id='word_1_155' title='bbox 714 2137 940 2178; x_wconf 85' lang='lat' dir='ltr'>dubitatum</span> <span class='ocrx_word' id='word_1_156' title='bbox 969 2142 1040 2177; x_wconf 87' lang='lat' dir='ltr'>est.</span> <span class='ocrx_word' id='word_1_157' title='bbox 1085 2136 1253 2178; x_wconf 82' lang='lat' dir='ltr'>Codices</span> <span class='ocrx_word' id='word_1_158' title='bbox 1281 2150 1360 2178; x_wconf 92' lang='lat' dir='ltr'>non</span> <span class='ocrx_word' id='word_1_159' title='bbox 1390 2137 1519 2189; x_wconf 86' lang='lat' dir='ltr'>magis</span> 
     </span>
     <span class='ocr_line' id='line_1_24' title="bbox 223 2215 1517 2268; baseline -0.002 -11"><span class='ocrx_word' id='word_1_160' title='bbox 223 2217 486 2257; x_wconf 85' lang='lat' dir='ltr'>consentiunt.</span> <span class='ocrx_word' id='word_1_161' title='bbox 516 2216 602 2256; x_wconf 92' lang='lat' dir='ltr'>Alii</span> <span class='ocrx_word' id='word_1_162' title='bbox 629 2216 777 2256; x_wconf 88' lang='lat' dir='ltr'>habent</span> <span class='ocrx_word' id='word_1_163' title='bbox 809 2215 989 2268; x_wconf 88' lang='lat' dir='ltr'>„pavet”,</span> <span class='ocrx_word' id='word_1_164' title='bbox 1013 2216 1104 2267; x_wconf 87' lang='lat' dir='ltr'>alii,</span> <span class='ocrx_word' id='word_1_165' title='bbox 1122 2216 1226 2256; x_wconf 90' lang='lat' dir='ltr'>inter</span> <span class='ocrx_word' id='word_1_166' title='bbox 1246 2228 1346 2268; x_wconf 85' lang='lat' dir='ltr'>quos</span> <span class='ocrx_word' id='word_1_167' title='bbox 1360 2215 1517 2256; x_wconf 91' lang='lat' dir='ltr'>Pithoe-</span> 
     </span>
     <span class='ocr_line' id='line_1_25' title="bbox 223 2294 1518 2346; baseline -0.002 -10"><span class='ocrx_word' id='word_1_168' title='bbox 223 2309 325 2336; x_wconf 86' lang='lat' dir='ltr'>anus</span> <span class='ocrx_word' id='word_1_169' title='bbox 352 2301 432 2346; x_wconf 90' lang='lat' dir='ltr'>est,</span> <span class='ocrx_word' id='word_1_170' title='bbox 466 2295 617 2346; x_wconf 85' lang='lat' dir='ltr'>„silet.’&#39;</span> <span class='ocrx_word' id='word_1_171' title='bbox 650 2295 889 2335; x_wconf 91' lang='lat' dir='ltr'>Weidnerus</span> <span class='ocrx_word' id='word_1_172' title='bbox 917 2295 1085 2335; x_wconf 89' lang='lat' dir='ltr'>coniecit</span> <span class='ocrx_word' id='word_1_173' title='bbox 1104 2294 1242 2346; x_wconf 85' lang='lat' dir='ltr'>„ciet&#39;⁷,</span> <span class='ocrx_word' id='word_1_174' title='bbox 1269 2294 1518 2335; x_wconf 87' lang='lat' dir='ltr'>Ribbeckius</span> 
     </span>
     <span class='ocr_line' id='line_1_26' title="bbox 225 2372 1517 2425; baseline -0.001 -12"><span class='ocrx_word' id='word_1_175' title='bbox 225 2373 382 2425; x_wconf 87' lang='lat' dir='ltr'>„salit”,</span> <span class='ocrx_word' id='word_1_176' title='bbox 412 2373 517 2413; x_wconf 88' lang='lat' dir='ltr'>alius</span> <span class='ocrx_word' id='word_1_177' title='bbox 547 2372 742 2424; x_wconf 61' lang='lat' dir='ltr'>„tremit”</span> <span class='ocrx_word' id='word_1_178' title='bbox 774 2372 912 2412; x_wconf 92' lang='lat' dir='ltr'>Lectio</span> <span class='ocrx_word' id='word_1_179' title='bbox 937 2372 1116 2412; x_wconf 91' lang='lat' dir='ltr'>codicum</span> <span class='ocrx_word' id='word_1_180' title='bbox 1144 2372 1214 2424; x_wconf 92' lang='lat' dir='ltr'>qui</span> <span class='ocrx_word' id='word_1_181' title='bbox 1243 2372 1432 2412; x_wconf 86' lang='lat' dir='ltr'>exhibent</span> <span class='ocrx_word' id='word_1_182' title='bbox 1458 2372 1517 2424; x_wconf 90' lang='lat' dir='ltr'>„si</span> 
     </span>
     <span class='ocr_line' id='line_1_27' title="bbox 222 2450 1516 2503; baseline -0.002 -11"><span class='ocrx_word' id='word_1_183' title='bbox 222 2451 303 2492; x_wconf 82' lang='lat' dir='ltr'>let’&#39;</span> <span class='ocrx_word' id='word_1_184' title='bbox 333 2451 545 2492; x_wconf 87' lang='lat' dir='ltr'>admodum</span> <span class='ocrx_word' id='word_1_185' title='bbox 573 2456 633 2491; x_wconf 84' lang='lat' dir='ltr'>est</span> <span class='ocrx_word' id='word_1_186' title='bbox 660 2450 853 2503; x_wconf 88' lang='lat' dir='ltr'>languida</span> <span class='ocrx_word' id='word_1_187' title='bbox 882 2451 1098 2503; x_wconf 88' lang='lat' dir='ltr'>otiosaque.</span> <span class='ocrx_word' id='word_1_188' title='bbox 1133 2450 1338 2491; x_wconf 91' lang='lat' dir='ltr'>Weidneri</span> <span class='ocrx_word' id='word_1_189' title='bbox 1368 2450 1516 2491; x_wconf 89' lang='lat' dir='ltr'>coniec-</span> 
     </span>
     <span class='ocr_line' id='line_1_28' title="bbox 222 2529 1516 2583; baseline 0 -13"><span class='ocrx_word' id='word_1_190' title='bbox 222 2535 314 2571; x_wconf 85' lang='lat' dir='ltr'>tura</span> <span class='ocrx_word' id='word_1_191' title='bbox 342 2530 603 2582; x_wconf 85' lang='lat' dir='ltr'>tautologiam</span> <span class='ocrx_word' id='word_1_192' title='bbox 633 2530 756 2583; x_wconf 87' lang='lat' dir='ltr'>parit,</span> <span class='ocrx_word' id='word_1_193' title='bbox 788 2529 1002 2571; x_wconf 86' lang='lat' dir='ltr'>Ribbeckii</span> <span class='ocrx_word' id='word_1_194' title='bbox 1030 2530 1125 2571; x_wconf 92' lang='lat' dir='ltr'>huic</span> <span class='ocrx_word' id='word_1_195' title='bbox 1154 2530 1239 2571; x_wconf 90' lang='lat' dir='ltr'>loco</span> <span class='ocrx_word' id='word_1_196' title='bbox 1268 2543 1407 2583; x_wconf 90' lang='lat' dir='ltr'>parum</span> <span class='ocrx_word' id='word_1_197' title='bbox 1423 2534 1516 2582; x_wconf 84' lang='lat' dir='ltr'>apta</span> 
     </span>
    </p>
   </div>
  </div>
 </body>
</html>
