1816 2954
921 175 960 208 31

299 278 493 318 humanae
521 291 659 319 sensus
689 280 921 330 mentiatur,
952 280 1120 319 amicum
1144 278 1335 331 decipiat,
1363 279 1585 330 liberosque

298 357 403 407 eius,
433 357 528 398 dum
556 359 746 410 mulceat,
776 359 1013 411 patrimonio
1042 359 1183 399 orbare
1210 357 1379 398 studeat.

353 433 442 476 Hoc
469 435 503 475 si
532 440 729 487 tenemus,
766 435 957 490 Mygalen
986 448 1071 476 esse
1099 435 1376 485 concubinam,
1394 435 1528 474 statim
1543 435 1583 474 in

298 513 432 554 oculos
469 513 636 554 incurrit
673 527 746 555 cur
774 514 1032 568 interpolator
1056 514 1209 566 aliquid
1238 514 1332 553 novi
1361 513 1583 553 addendum

297 603 381 631 esse
417 592 627 643 putaverit.
669 591 924 633 Desideravit
962 593 1067 632 enim
1104 594 1269 633 verbum
1296 592 1402 644 quod
1431 592 1583 644 opposi-

297 674 381 709 tum
422 675 524 709 esset
565 671 685 710 verbo
730 670 940 724 „Mygale”
985 676 1023 710 et
1068 684 1225 711 versum
1267 671 1485 711 fabricatus
1524 675 1583 710 est

297 748 410 789 cuius
447 748 512 788 hic
549 749 829 801 praestantiam
866 761 1074 802 possumus
1110 750 1257 789 mirari.
1297 749 1450 789 Tamen
1480 748 1581 788 nihil

294 826 415 867 deest.
460 827 563 867 Nam
604 828 710 879 quod
750 828 818 868 ille
862 841 955 868 voce
996 841 1099 880 quae
1136 833 1196 868 est
1236 828 1387 880 „uxor”
1423 829 1580 881 putavit

295 905 566 957 inserendum,
597 907 675 946 iam
703 920 728 946 a
755 911 869 959 poeta
896 906 1046 947 dictum
1066 910 1150 946 erat
1165 906 1228 946 his
1244 906 1390 946 verbis:
1421 906 1582 958 „nullus

295 983 369 1024 tibi
397 984 584 1036 parvolus
611 984 704 1024 aula
731 985 870 1024 luserit
899 984 1078 1024 Aeneas⁷'
1109 997 1192 1036 sqq.
1224 984 1337 1033 Quae
1366 997 1456 1025 cum
1471 997 1577 1037 repe-

295 1062 369 1103 tita
404 1063 485 1103 sint
513 1076 567 1110 ,ex
596 1062 717 1115 Verg.
747 1062 846 1103 Aen.
877 1062 966 1103 IIII
997 1064 1096 1113 327,
1127 1063 1197 1103 ubi
1226 1062 1335 1104 Dido
1364 1063 1503 1115 regina
1532 1063 1581 1103 de

293 1140 377 1181 filio
413 1140 639 1181 adulterino
676 1146 781 1182 certe
817 1154 894 1181 non
923 1142 1073 1193 cogitat
1104 1140 1225 1194 (quod
1254 1145 1299 1181 ut
1328 1154 1398 1193 per
1426 1154 1468 1180 se
1498 1154 1578 1180 ma-

293 1219 480 1260 nifestum
525 1224 605 1270 est,
658 1220 715 1260 ita
755 1233 776 1260 e
818 1233 894 1260 vss.
938 1222 1015 1261 316
1058 1224 1098 1260 et
1135 1221 1212 1260 339
1250 1220 1407 1260 abunde
1451 1219 1575 1273 patet)

293 1275 562 1350 intellegenda
598 1303 691 1339 sunt
728 1298 776 1339 de
812 1298 894 1339 filio
923 1299 1026 1339 iusto
1054 1299 1303 1339 matrimonio
1333 1304 1437 1339 nato.
1474 1299 1579 1339 Tum

292 1389 432 1417 nomen
458 1354 664 1428 {Aeneas'
694 1377 927 1417 documento
956 1381 1026 1417 est.
1058 1377 1199 1428 Itaque
1223 1378 1327 1417 inter
1341 1391 1383 1417 se
1398 1379 1579 1430 opposita

291 1460 384 1495 sunt
412 1457 533 1496 verba
562 1456 725 1507 „luserit
753 1455 946 1504 Aeneas''‚
973 1460 1011 1495 et
1038 1456 1130 1505 „sed
1159 1460 1229 1496 tua
1252 1468 1358 1496 nunc
1375 1456 1575 1509 Mygale'',

291 1533 396 1585 quod
424 1534 542 1574 etiam
570 1518 760 1586 probatur
788 1546 834 1573 eo
862 1538 999 1586 poetae
1027 1533 1215 1585 loquendi
1244 1546 1321 1573 usu
1340 1538 1385 1574 ut
1401 1534 1580 1574 notiones

290 1613 394 1653 inter
421 1626 463 1653 se
491 1613 689 1665 oppositas
718 1613 840 1663 vulgo
870 1612 1004 1652 eadem
1030 1624 1167 1652 versus
1191 1612 1283 1652 sede
1298 1618 1437 1665 ponat,
1464 1613 1579 1653 cuius

291 1704 386 1732 usus
413 1692 538 1732 multa
566 1691 745 1743 exempla
771 1690 903 1731 afferri
931 1695 1104 1743 possunt.
1133 1689 1194 1731 Of.
1219 1690 1415 1731 Kiaerum
1430 1704 1520 1744 pag.
1540 1693 1576 1731 5.

344 1770 449 1810 Tum
486 1770 701 1819 sententia,
745 1782 847 1821 quae
885 1774 944 1809 est
972 1770 1188 1821 generalis,
1229 1770 1421 1810 latissime
1448 1776 1578 1810 tamen

289 1852 424 1900 patere
464 1860 542 1888 non
571 1852 717 1901 potest,
757 1860 847 1887 nam
876 1847 924 1887 de
952 1859 1075 1887 uxore
1104 1849 1290 1900 pauperis
1318 1848 1397 1888 dici
1427 1850 1576 1901 nequit.

342 1927 507 1967 Accedit
535 1927 640 1979 quod
663 1927 859 1976 notiones,
890 1939 992 1978 quae
1006 1927 1142 1966 insunt
1158 1928 1291 1967 verbis
1308 1928 1575 1978 „iucundum”

288 2010 327 2045 et
358 2006 541 2057 „carum”
573 2011 611 2046 et
641 2005 859 2058 „amicum”
875 2005 1043 2046 leviores
1057 2011 1160 2046 sunt.
1190 2005 1370 2046 Divitiae
1385 2006 1577 2047 Trebium

288 2084 365 2124 iam
403 2085 572 2125 reddunt
609 2084 824 2125 iucundum
861 2089 901 2123 et
939 2097 1093 2125 carum:
1136 2090 1223 2136 post
1262 2086 1333 2124 illa
1370 2085 1577 2136 „dominus

287 2168 326 2203 et
364 2164 511 2203 domini
549 2176 619 2204 rex
655 2164 689 2204 si
730 2164 791 2203 vis
819 2167 864 2203 tu
891 2162 1002 2203 fieri''
1034 2168 1237 2216 exspectes
1266 2164 1347 2204 alia
1375 2164 1573 2216 graviora.

286 2240 435 2282 Vocem
474 2241 690 2293 „amicum”
726 2241 935 2282 admodum
963 2241 1109 2294 frigere
1138 2243 1258 2283 etiam
1287 2243 1466 2283 concedit
1496 2242 1574 2283 Lu-

285 2333 360 2371 pus
374 2320 402 2373 ¹)
433 2321 660 2372 ceteroquin
688 2333 845 2360 versum
872 2320 1086 2360 defendens
1114 2326 1154 2361 et
1183 2321 1441 2362 Meinertzius
1453 2321 1498 2375 ²).

332 2425 358 2465 1)
380 2424 537 2468 Lupus.
560 2423 661 2457 Vind.
685 2423 835 2456 Iuvenal.
861 2434 935 2467 pag.
961 2424 1014 2456 31.

332 2483 359 2525 ²)
386 2483 617 2522 Meinertz,
642 2483 708 2514 Zur
732 2482 847 2514 Kritik
873 2482 941 2514 und
965 2483 1055 2514 Erkl.
1083 2483 1141 2514 der
1162 2484 1229 2515 Sat.
1244 2484 1301 2515 des
1314 2484 1406 2523 Iuv.‚
1431 2494 1507 2526 pag.
1520 2485 1572 2515 31.
