<?xml version="1.0" encoding="UTF-8"?>
<!DOCTYPE html PUBLIC "-//W3C//DTD XHTML 1.0 Transitional//EN"
    "http://www.w3.org/TR/xhtml1/DTD/xhtml1-transitional.dtd">
<html xmlns="http://www.w3.org/1999/xhtml" xml:lang="en" lang="en">
 <head>
  <title>
</title>
<meta http-equiv="Content-Type" content="text/html;charset=utf-8" />
  <meta name='ocr-system' content='tesseract 3.04.00' />
  <meta name='ocr-capabilities' content='ocr_page ocr_carea ocr_par ocr_line ocrx_word'/>
</head>
<body>
  <div class='ocr_page' id='page_1' title='image "./4771781_0060.png"; bbox 0 0 1816 2954; ppageno 0'>
   <div class='ocr_carea' id='block_1_1' title="bbox 850 239 893 270">
    <p class='ocr_par' dir='ltr' id='par_1_1' title="bbox 850 239 893 270">
     <span class='ocr_line' id='line_1_1' title="bbox 850 239 893 270; baseline 0 0"><span class='ocrx_word' id='word_1_1' title='bbox 850 239 893 270; x_wconf 76' lang='lat'><strong>52</strong></span> 
     </span>
    </p>
   </div>
   <div class='ocr_carea' id='block_1_2' title="bbox 219 341 1521 2198">
    <p class='ocr_par' dir='ltr' id='par_1_2' title="bbox 224 341 1520 473">
     <span class='ocr_line' id='line_1_2' title="bbox 224 341 1520 396; baseline -0.001 -13"><span class='ocrx_word' id='word_1_2' title='bbox 224 341 432 395; x_wconf 88' lang='lat' dir='ltr'><strong>quisitiore</strong></span> <span class='ocrx_word' id='word_1_3' title='bbox 470 355 589 394; x_wconf 89' lang='lat' dir='ltr'><strong>quam</strong></span> <span class='ocrx_word' id='word_1_4' title='bbox 628 342 781 383; x_wconf 90' lang='lat' dir='ltr'><strong>veriore</strong></span> <span class='ocrx_word' id='word_1_5' title='bbox 811 341 963 394; x_wconf 89' lang='lat' dir='ltr'><strong>Bogeni</strong></span> <span class='ocrx_word' id='word_1_6' title='bbox 986 341 1012 396; x_wconf 94' lang='lat'><strong>¹)</strong></span> <span class='ocrx_word' id='word_1_7' title='bbox 1055 342 1113 383; x_wconf 87' lang='lat' dir='ltr'><strong>sic</strong></span> <span class='ocrx_word' id='word_1_8' title='bbox 1141 341 1383 383; x_wconf 81' lang='lat' dir='ltr'><strong>enarrantis:</strong></span> <span class='ocrx_word' id='word_1_9' title='bbox 1418 354 1520 394; x_wconf 82' lang='lat' dir='ltr'><strong>„cre-</strong></span> 
     </span>
     <span class='ocr_line' id='line_1_3' title="bbox 225 421 1275 473; baseline 0 -13"><span class='ocrx_word' id='word_1_10' title='bbox 225 422 353 473; x_wconf 86' lang='lat' dir='ltr'><strong>pitant</strong></span> <span class='ocrx_word' id='word_1_11' title='bbox 383 422 483 473; x_wconf 91' lang='lat' dir='ltr'><strong>pulli</strong></span> <span class='ocrx_word' id='word_1_12' title='bbox 513 434 602 461; x_wconf 92' lang='lat' dir='ltr'><strong>cum</strong></span> <span class='ocrx_word' id='word_1_13' title='bbox 633 427 816 473; x_wconf 87' lang='lat' dir='ltr'><strong>parentes</strong></span> <span class='ocrx_word' id='word_1_14' title='bbox 846 422 982 461; x_wconf 93' lang='lat' dir='ltr'><strong>nidum</strong></span> <span class='ocrx_word' id='word_1_15' title='bbox 1013 421 1275 461; x_wconf 87' lang='lat' dir='ltr'><strong>salutavere.&#39;&#39;</strong></span> 
     </span>
    </p>

    <p class='ocr_par' dir='ltr' id='par_1_3' title="bbox 219 498 1521 2198">
     <span class='ocr_line' id='line_1_4' title="bbox 278 498 1519 552; baseline -0.001 -12"><span class='ocrx_word' id='word_1_16' title='bbox 278 499 467 552; x_wconf 81' lang='lat' dir='ltr'>Superest</span> <span class='ocrx_word' id='word_1_17' title='bbox 505 506 549 540; x_wconf 91' lang='lat' dir='ltr'><strong>ut</strong></span> <span class='ocrx_word' id='word_1_18' title='bbox 582 500 756 540; x_wconf 89' lang='lat' dir='ltr'><strong>rationes</strong></span> <span class='ocrx_word' id='word_1_19' title='bbox 788 500 948 540; x_wconf 85' lang='lat' dir='ltr'><strong>reddam</strong></span> <span class='ocrx_word' id='word_1_20' title='bbox 978 500 1086 541; x_wconf 91' lang='lat' dir='ltr'><strong>vocis</strong></span> <span class='ocrx_word' id='word_1_21' title='bbox 1115 512 1219 552; x_wconf 88' lang='lat' dir='ltr'><strong>quae</strong></span> <span class='ocrx_word' id='word_1_22' title='bbox 1248 505 1307 540; x_wconf 92' lang='lat' dir='ltr'><strong>est</strong></span> <span class='ocrx_word' id='word_1_23' title='bbox 1343 498 1519 550; x_wconf 83' lang='lat' dir='ltr'><strong>„modo&#39;&#39;,</strong></span> 
     </span>
     <span class='ocr_line' id='line_1_5' title="bbox 223 577 1520 630; baseline -0.001 -12"><span class='ocrx_word' id='word_1_24' title='bbox 223 591 337 618; x_wconf 91' lang='lat' dir='ltr'><strong>secus</strong></span> <span class='ocrx_word' id='word_1_25' title='bbox 379 592 426 618; x_wconf 89' lang='lat' dir='ltr'><strong>ac</strong></span> <span class='ocrx_word' id='word_1_26' title='bbox 470 579 592 629; x_wconf 86' lang='lat' dir='ltr'><strong>vulgo</strong></span> <span class='ocrx_word' id='word_1_27' title='bbox 634 578 700 626; x_wconf 76' lang='lat' dir='ltr'><strong>fit,</strong></span> <span class='ocrx_word' id='word_1_28' title='bbox 746 578 979 630; x_wconf 81' lang='lat' dir='ltr'>explicatae.</span> <span class='ocrx_word' id='word_1_29' title='bbox 1038 577 1127 617; x_wconf 86' lang='lat' dir='ltr'><strong>Hac</strong></span> <span class='ocrx_word' id='word_1_30' title='bbox 1164 578 1361 629; x_wconf 85' lang='lat' dir='ltr'><strong>particula</strong></span> <span class='ocrx_word' id='word_1_31' title='bbox 1398 578 1520 629; x_wconf 86' lang='lat' dir='ltr'><strong>vulgo</strong></span> 
     </span>
     <span class='ocr_line' id='line_1_6' title="bbox 222 656 1520 708; baseline -0.001 -12"><span class='ocrx_word' id='word_1_32' title='bbox 222 657 473 708; x_wconf 88' lang='lat' dir='ltr'><strong>significatur</strong></span> <span class='ocrx_word' id='word_1_33' title='bbox 511 671 558 697; x_wconf 90' lang='lat' dir='ltr'><strong>ea</strong></span> <span class='ocrx_word' id='word_1_34' title='bbox 595 657 755 708; x_wconf 92' lang='lat' dir='ltr'><strong>quidem</strong></span> <span class='ocrx_word' id='word_1_35' title='bbox 797 657 857 704; x_wconf 86' lang='lat' dir='ltr'><strong>id,</strong></span> <span class='ocrx_word' id='word_1_36' title='bbox 898 656 1004 707; x_wconf 90' lang='lat' dir='ltr'><strong>quod</strong></span> <span class='ocrx_word' id='word_1_37' title='bbox 1044 661 1190 707; x_wconf 88' lang='lat' dir='ltr'><strong>puncto</strong></span> <span class='ocrx_word' id='word_1_38' title='bbox 1215 656 1401 707; x_wconf 90' lang='lat' dir='ltr'><strong>temporis</strong></span> <span class='ocrx_word' id='word_1_39' title='bbox 1428 660 1520 695; x_wconf 88' lang='lat' dir='ltr'><strong>ante</strong></span> 
     </span>
     <span class='ocr_line' id='line_1_7' title="bbox 222 734 1520 787; baseline -0.001 -12"><span class='ocrx_word' id='word_1_40' title='bbox 222 736 371 776; x_wconf 82' lang='lat' dir='ltr'><strong>factum</strong></span> <span class='ocrx_word' id='word_1_41' title='bbox 401 740 479 783; x_wconf 75' lang='lat' dir='ltr'><strong>est,</strong></span> <span class='ocrx_word' id='word_1_42' title='bbox 511 735 579 775; x_wconf 91' lang='lat' dir='ltr'><strong>sed</strong></span> <span class='ocrx_word' id='word_1_43' title='bbox 610 735 717 775; x_wconf 88' lang='lat' dir='ltr'><strong>haud</strong></span> <span class='ocrx_word' id='word_1_44' title='bbox 747 735 804 775; x_wconf 88' lang='lat' dir='ltr'><strong>ita</strong></span> <span class='ocrx_word' id='word_1_45' title='bbox 833 747 923 774; x_wconf 86' lang='lat' dir='ltr'><strong>raro</strong></span> <span class='ocrx_word' id='word_1_46' title='bbox 952 734 1001 774; x_wconf 95' lang='lat' dir='ltr'><strong>de</strong></span> <span class='ocrx_word' id='word_1_47' title='bbox 1031 734 1081 774; x_wconf 93' lang='lat' dir='ltr'><strong>iis</strong></span> <span class='ocrx_word' id='word_1_48' title='bbox 1097 735 1279 787; x_wconf 81' lang='lat' dir='ltr'><strong>ponitur,</strong></span> <span class='ocrx_word' id='word_1_49' title='bbox 1296 746 1399 786; x_wconf 86' lang='lat' dir='ltr'><strong>quae</strong></span> <span class='ocrx_word' id='word_1_50' title='bbox 1423 734 1520 774; x_wconf 90' lang='lat' dir='ltr'><strong>satis</strong></span> 
     </span>
     <span class='ocr_line' id='line_1_8' title="bbox 223 814 1518 867; baseline -0.001 -13"><span class='ocrx_word' id='word_1_51' title='bbox 223 815 374 867; x_wconf 85' lang='lat' dir='ltr'><strong>pridem</strong></span> <span class='ocrx_word' id='word_1_52' title='bbox 403 821 633 854; x_wconf 87' lang='lat' dir='ltr'><strong>evenerunt.</strong></span> <span class='ocrx_word' id='word_1_53' title='bbox 666 815 793 854; x_wconf 88' lang='lat' dir='ltr'><strong>Locos</strong></span> <span class='ocrx_word' id='word_1_54' title='bbox 822 815 982 854; x_wconf 81' lang='lat' dir='ltr'><strong>afferam</strong></span> <span class='ocrx_word' id='word_1_55' title='bbox 1012 814 1244 862; x_wconf 86' lang='lat' dir='ltr'><strong>nonnullos,</strong></span> <span class='ocrx_word' id='word_1_56' title='bbox 1276 814 1422 865; x_wconf 88' lang='lat' dir='ltr'><strong>quibus</strong></span> <span class='ocrx_word' id='word_1_57' title='bbox 1448 814 1518 853; x_wconf 90' lang='lat' dir='ltr'><strong>tali</strong></span> 
     </span>
     <span class='ocr_line' id='line_1_9' title="bbox 222 890 1517 945; baseline -0.002 -12"><span class='ocrx_word' id='word_1_58' title='bbox 222 906 340 933; x_wconf 90' lang='lat' dir='ltr'><strong>sensu</strong></span> <span class='ocrx_word' id='word_1_59' title='bbox 370 894 574 932; x_wconf 91' lang='lat' dir='ltr'><strong>invenitur</strong></span> <span class='ocrx_word' id='word_1_60' title='bbox 603 893 708 945; x_wconf 84' lang='lat' dir='ltr'><strong>apud</strong></span> <span class='ocrx_word' id='word_1_61' title='bbox 738 894 839 932; x_wconf 90' lang='lat' dir='ltr'><strong>alios</strong></span> <span class='ocrx_word' id='word_1_62' title='bbox 867 893 1099 944; x_wconf 80' lang='lat' dir='ltr'><strong>scriptores:</strong></span> <span class='ocrx_word' id='word_1_63' title='bbox 1126 890 1209 932; x_wconf 84' lang='lat' dir='ltr'><strong>Cic.</strong></span> <span class='ocrx_word' id='word_1_64' title='bbox 1226 892 1275 931; x_wconf 88' lang='lat' dir='ltr'><strong>de</strong></span> <span class='ocrx_word' id='word_1_65' title='bbox 1290 892 1370 932; x_wconf 88' lang='lat' dir='ltr'><strong>div.</strong></span> <span class='ocrx_word' id='word_1_66' title='bbox 1390 894 1423 931; x_wconf 91' lang='lat'><strong>1.</strong></span> <span class='ocrx_word' id='word_1_67' title='bbox 1444 894 1517 931; x_wconf 89' lang='lat'><strong>44:</strong></span> 
     </span>
     <span class='ocr_line' id='line_1_10' title="bbox 224 970 1520 1022; baseline -0.001 -12"><span class='ocrx_word' id='word_1_68' title='bbox 224 971 383 1022; x_wconf 80' lang='lat' dir='ltr'><strong>„modo,</strong></span> <span class='ocrx_word' id='word_1_69' title='bbox 417 971 587 1011; x_wconf 85' lang='lat' dir='ltr'><strong>Marsico</strong></span> <span class='ocrx_word' id='word_1_70' title='bbox 617 972 741 1021; x_wconf 91' lang='lat' dir='ltr'><strong>bello,</strong></span> <span class='ocrx_word' id='word_1_71' title='bbox 774 972 964 1022; x_wconf 90' lang='lat' dir='ltr'><strong>templum</strong></span> <span class='ocrx_word' id='word_1_72' title='bbox 980 976 1040 1010; x_wconf 90' lang='lat' dir='ltr'><strong>ost</strong></span> <span class='ocrx_word' id='word_1_73' title='bbox 1055 983 1079 1009; x_wconf 88' lang='lat' dir='ltr'><strong>a</strong></span> <span class='ocrx_word' id='word_1_74' title='bbox 1093 975 1234 1010; x_wconf 86' lang='lat' dir='ltr'><strong>senatu</strong></span> <span class='ocrx_word' id='word_1_75' title='bbox 1250 970 1395 1010; x_wconf 89' lang='lat' dir='ltr'><strong>Iunoni</strong></span> <span class='ocrx_word' id='word_1_76' title='bbox 1411 971 1520 1009; x_wconf 90' lang='lat' dir='ltr'><strong>resti-</strong></span> 
     </span>
     <span class='ocr_line' id='line_1_11' title="bbox 222 1048 1521 1099; baseline -0.001 -10"><span class='ocrx_word' id='word_1_77' title='bbox 222 1049 377 1090; x_wconf 84' lang='lat' dir='ltr'><strong>tutum&#39;’</strong></span> <span class='ocrx_word' id='word_1_78' title='bbox 407 1050 433 1089; x_wconf 78' lang='lat' dir='ltr'><strong>i.</strong></span> <span class='ocrx_word' id='word_1_79' title='bbox 465 1063 496 1089; x_wconf 92' lang='lat' dir='ltr'><strong>e.</strong></span> <span class='ocrx_word' id='word_1_80' title='bbox 529 1052 580 1089; x_wconf 82' lang='lat'><strong>46</strong></span> <span class='ocrx_word' id='word_1_81' title='bbox 610 1051 725 1089; x_wconf 87' lang='lat' dir='ltr'><strong>annis</strong></span> <span class='ocrx_word' id='word_1_82' title='bbox 754 1055 867 1097; x_wconf 72' lang='lat' dir='ltr'><strong>ante3</strong></span> <span class='ocrx_word' id='word_1_83' title='bbox 900 1050 987 1089; x_wconf 89' lang='lat' dir='ltr'><strong>Liv.</strong></span> <span class='ocrx_word' id='word_1_84' title='bbox 1021 1048 1081 1088; x_wconf 94' lang='lat' dir='ltr'><strong>VI</strong></span> <span class='ocrx_word' id='word_1_85' title='bbox 1110 1051 1182 1088; x_wconf 90' lang='lat'><strong>40:</strong></span> <span class='ocrx_word' id='word_1_86' title='bbox 1212 1049 1269 1099; x_wconf 81' lang='lat' dir='ltr'><strong>„si</strong></span> <span class='ocrx_word' id='word_1_87' title='bbox 1285 1048 1401 1089; x_wconf 89' lang='lat' dir='ltr'><strong>hodie</strong></span> <span class='ocrx_word' id='word_1_88' title='bbox 1415 1049 1521 1089; x_wconf 87' lang='lat' dir='ltr'><strong>bella</strong></span> 
     </span>
     <span class='ocr_line' id='line_1_12' title="bbox 221 1126 1518 1179; baseline 0 -12"><span class='ocrx_word' id='word_1_89' title='bbox 221 1133 334 1176; x_wconf 83' lang='lat' dir='ltr'><strong>sunt,</strong></span> <span class='ocrx_word' id='word_1_90' title='bbox 365 1129 484 1179; x_wconf 89' lang='lat' dir='ltr'><strong>quale</strong></span> <span class='ocrx_word' id='word_1_91' title='bbox 514 1127 717 1168; x_wconf 83' lang='lat' dir='ltr'><strong>Gallicum</strong></span> <span class='ocrx_word' id='word_1_92' title='bbox 747 1128 886 1168; x_wconf 86' lang='lat' dir='ltr'><strong>modo⁷’</strong></span> <span class='ocrx_word' id='word_1_93' title='bbox 917 1141 968 1167; x_wconf 92' lang='lat' dir='ltr'><strong>sc.</strong></span> <span class='ocrx_word' id='word_1_94' title='bbox 1001 1129 1052 1167; x_wconf 90' lang='grc'><strong>22</strong></span> <span class='ocrx_word' id='word_1_95' title='bbox 1081 1128 1196 1167; x_wconf 88' lang='lat' dir='ltr'><strong>annis</strong></span> <span class='ocrx_word' id='word_1_96' title='bbox 1216 1132 1328 1177; x_wconf 81' lang='lat' dir='ltr'><strong>ante;</strong></span> <span class='ocrx_word' id='word_1_97' title='bbox 1355 1126 1438 1167; x_wconf 80' lang='lat' dir='ltr'><strong>Cio.</strong></span> <span class='ocrx_word' id='word_1_98' title='bbox 1456 1128 1518 1167; x_wconf 83' lang='lat' dir='ltr'><strong>off.</strong></span> 
     </span>
     <span class='ocr_line' id='line_1_13' title="bbox 222 1205 1519 1258; baseline 0.001 -13"><span class='ocrx_word' id='word_1_99' title='bbox 222 1206 265 1245; x_wconf 93' lang='grc' dir='ltr'><strong>ΙΙ</strong></span> <span class='ocrx_word' id='word_1_100' title='bbox 291 1208 363 1246; x_wconf 92' lang='grc'><strong>21;</strong></span> <span class='ocrx_word' id='word_1_101' title='bbox 398 1206 537 1256; x_wconf 84' lang='lat' dir='ltr'><strong>„modo</strong></span> <span class='ocrx_word' id='word_1_102' title='bbox 567 1207 640 1246; x_wconf 88' lang='lat' dir='ltr'><strong>hoc</strong></span> <span class='ocrx_word' id='word_1_103' title='bbox 668 1207 816 1246; x_wconf 86' lang='lat' dir='ltr'><strong>malum</strong></span> <span class='ocrx_word' id='word_1_104' title='bbox 846 1207 886 1245; x_wconf 91' lang='lat' dir='ltr'><strong>in</strong></span> <span class='ocrx_word' id='word_1_105' title='bbox 909 1206 1191 1258; x_wconf 78' lang='lat' dir='ltr'><strong>rempublicam</strong></span> <span class='ocrx_word' id='word_1_106' title='bbox 1212 1205 1397 1254; x_wconf 84' lang='lat' dir='ltr'><strong>invasit’&#39;‚</strong></span> <span class='ocrx_word' id='word_1_107' title='bbox 1414 1205 1519 1257; x_wconf 90' lang='lat' dir='ltr'><strong>quod</strong></span> 
     </span>
     <span class='ocr_line' id='line_1_14' title="bbox 221 1284 1520 1335; baseline 0 -13"><span class='ocrx_word' id='word_1_108' title='bbox 221 1284 478 1334; x_wconf 82' lang='lat' dir='ltr'><strong>septuaginta</strong></span> <span class='ocrx_word' id='word_1_109' title='bbox 516 1284 594 1322; x_wconf 86' lang='lat' dir='ltr'><strong>iam</strong></span> <span class='ocrx_word' id='word_1_110' title='bbox 634 1284 749 1322; x_wconf 86' lang='lat' dir='ltr'><strong>annis</strong></span> <span class='ocrx_word' id='word_1_111' title='bbox 787 1289 878 1322; x_wconf 85' lang='lat' dir='ltr'><strong>ante</strong></span> <span class='ocrx_word' id='word_1_112' title='bbox 917 1284 1140 1335; x_wconf 85' lang='lat' dir='ltr'><strong>irrepserat.</strong></span> <span class='ocrx_word' id='word_1_113' title='bbox 1184 1284 1304 1335; x_wconf 91' lang='lat' dir='ltr'><strong>Apud</strong></span> <span class='ocrx_word' id='word_1_114' title='bbox 1342 1288 1520 1323; x_wconf 90' lang='lat' dir='ltr'><strong>nostrum</strong></span> 
     </span>
     <span class='ocr_line' id='line_1_15' title="bbox 222 1362 1519 1414; baseline 0.002 -13"><span class='ocrx_word' id='word_1_115' title='bbox 222 1367 378 1414; x_wconf 89' lang='lat' dir='ltr'><strong>poetam</strong></span> <span class='ocrx_word' id='word_1_116' title='bbox 408 1362 511 1402; x_wconf 88' lang='lat' dir='ltr'><strong>hanc</strong></span> <span class='ocrx_word' id='word_1_117' title='bbox 542 1363 650 1403; x_wconf 90' lang='lat' dir='ltr'><strong>vocis</strong></span> <span class='ocrx_word' id='word_1_118' title='bbox 678 1362 1010 1414; x_wconf 85' lang='lat' dir='ltr'><strong>significationem</strong></span> <span class='ocrx_word' id='word_1_119' title='bbox 1040 1362 1310 1404; x_wconf 86' lang='lat' dir='ltr'><strong>demonstrare</strong></span> <span class='ocrx_word' id='word_1_120' title='bbox 1339 1362 1401 1403; x_wconf 90' lang='lat' dir='ltr'><strong>vel</strong></span> <span class='ocrx_word' id='word_1_121' title='bbox 1431 1362 1519 1403; x_wconf 91' lang='lat' dir='ltr'><strong>ideo</strong></span> 
     </span>
     <span class='ocr_line' id='line_1_16' title="bbox 221 1439 1519 1492; baseline 0.002 -14"><span class='ocrx_word' id='word_1_122' title='bbox 221 1439 383 1479; x_wconf 89' lang='lat' dir='ltr'><strong>difficile</strong></span> <span class='ocrx_word' id='word_1_123' title='bbox 421 1445 500 1487; x_wconf 68' lang='lat' dir='ltr'><strong>est,</strong></span> <span class='ocrx_word' id='word_1_124' title='bbox 542 1440 647 1491; x_wconf 89' lang='lat' dir='ltr'><strong>quod</strong></span> <span class='ocrx_word' id='word_1_125' title='bbox 687 1441 917 1492; x_wconf 86' lang='lat' dir='ltr'><strong>saepissime</strong></span> <span class='ocrx_word' id='word_1_126' title='bbox 954 1453 1033 1492; x_wconf 91' lang='lat' dir='ltr'><strong>quo</strong></span> <span class='ocrx_word' id='word_1_127' title='bbox 1072 1446 1246 1492; x_wconf 90' lang='lat' dir='ltr'><strong>tempore</strong></span> <span class='ocrx_word' id='word_1_128' title='bbox 1285 1453 1346 1480; x_wconf 89' lang='lat' dir='ltr'><strong>res</strong></span> <span class='ocrx_word' id='word_1_129' title='bbox 1384 1445 1519 1491; x_wconf 87' lang='lat' dir='ltr'><strong>gestae</strong></span> 
     </span>
     <span class='ocr_line' id='line_1_17' title="bbox 220 1520 1517 1572; baseline 0 -13"><span class='ocrx_word' id='word_1_130' title='bbox 220 1520 300 1559; x_wconf 90' lang='lat' dir='ltr'><strong>sint</strong></span> <span class='ocrx_word' id='word_1_131' title='bbox 330 1533 407 1559; x_wconf 91' lang='lat' dir='ltr'><strong>non</strong></span> <span class='ocrx_word' id='word_1_132' title='bbox 437 1520 535 1559; x_wconf 79' lang='lat' dir='ltr'><strong>satis</strong></span> <span class='ocrx_word' id='word_1_133' title='bbox 564 1525 729 1560; x_wconf 87' lang='lat' dir='ltr'><strong>constat.</strong></span> <span class='ocrx_word' id='word_1_134' title='bbox 774 1520 961 1560; x_wconf 88' lang='lat' dir='ltr'><strong>Attamen</strong></span> <span class='ocrx_word' id='word_1_135' title='bbox 992 1533 1070 1560; x_wconf 91' lang='lat' dir='ltr'><strong>uno</strong></span> <span class='ocrx_word' id='word_1_136' title='bbox 1100 1520 1304 1572; x_wconf 87' lang='lat' dir='ltr'><strong>alteroque</strong></span> <span class='ocrx_word' id='word_1_137' title='bbox 1334 1520 1419 1560; x_wconf 90' lang='lat' dir='ltr'><strong>loco</strong></span> <span class='ocrx_word' id='word_1_138' title='bbox 1450 1520 1517 1559; x_wconf 84' lang='lat' dir='ltr'><strong>vix</strong></span> 
     </span>
     <span class='ocr_line' id='line_1_18' title="bbox 220 1597 1516 1649; baseline 0.001 -13"><span class='ocrx_word' id='word_1_139' title='bbox 220 1597 360 1637; x_wconf 91' lang='lat' dir='ltr'><strong>dubito</strong></span> <span class='ocrx_word' id='word_1_140' title='bbox 397 1598 494 1649; x_wconf 89' lang='lat' dir='ltr'><strong>quin</strong></span> <span class='ocrx_word' id='word_1_141' title='bbox 537 1598 655 1637; x_wconf 90' lang='lat' dir='ltr'><strong>talem</strong></span> <span class='ocrx_word' id='word_1_142' title='bbox 695 1598 838 1637; x_wconf 86' lang='lat' dir='ltr'><strong>habeat</strong></span> <span class='ocrx_word' id='word_1_143' title='bbox 875 1610 1045 1637; x_wconf 92' lang='lat' dir='ltr'><strong>sensum.</strong></span> <span class='ocrx_word' id='word_1_144' title='bbox 1096 1598 1144 1637; x_wconf 92' lang='lat' dir='ltr'><strong>In</strong></span> <span class='ocrx_word' id='word_1_145' title='bbox 1171 1597 1253 1638; x_wconf 86' lang='lat' dir='ltr'><strong>Sat.</strong></span> <span class='ocrx_word' id='word_1_146' title='bbox 1285 1598 1392 1637; x_wconf 93' lang='lat' dir='ltr'><strong>VIII</strong></span> <span class='ocrx_word' id='word_1_147' title='bbox 1422 1599 1516 1637; x_wconf 82' lang='lat'>238:</span> 
     </span>
     <span class='ocr_line' id='line_1_19' title="bbox 224 1676 1518 1728; baseline 0 -13"><span class='ocrx_word' id='word_1_148' title='bbox 224 1677 313 1725; x_wconf 90' lang='lat' dir='ltr'><strong>„hic</strong></span> <span class='ocrx_word' id='word_1_149' title='bbox 342 1689 469 1715; x_wconf 90' lang='lat' dir='ltr'><strong>novus</strong></span> <span class='ocrx_word' id='word_1_150' title='bbox 498 1676 692 1727; x_wconf 80' lang='lat' dir='ltr'><strong>Arpinas,</strong></span> <span class='ocrx_word' id='word_1_151' title='bbox 712 1677 901 1726; x_wconf 85' lang='lat' dir='ltr'><strong>ignobilis</strong></span> <span class='ocrx_word' id='word_1_152' title='bbox 916 1682 955 1715; x_wconf 93' lang='lat' dir='ltr'><strong>et</strong></span> <span class='ocrx_word' id='word_1_153' title='bbox 971 1676 1085 1716; x_wconf 92' lang='lat' dir='ltr'><strong>modo</strong></span> <span class='ocrx_word' id='word_1_154' title='bbox 1102 1676 1251 1716; x_wconf 84' lang='lat' dir='ltr'><strong>Romae</strong></span> <span class='ocrx_word' id='word_1_155' title='bbox 1266 1676 1518 1728; x_wconf 87' lang='lat' dir='ltr'><strong>municipalis</strong></span> 
     </span>
     <span class='ocr_line' id='line_1_20' title="bbox 220 1735 1519 1806; baseline -0.001 -12"><span class='ocrx_word' id='word_1_156' title='bbox 220 1754 366 1806; x_wconf 84' lang='lat' dir='ltr'><strong>eques’&#39;</strong></span> <span class='ocrx_word' id='word_1_157' title='bbox 406 1754 553 1794; x_wconf 87' lang='lat' dir='ltr'><strong>dicitur</strong></span> <span class='ocrx_word' id='word_1_158' title='bbox 582 1752 733 1794; x_wconf 82' lang='lat' dir='ltr'><strong>Cicero.</strong></span> <span class='ocrx_word' id='word_1_159' title='bbox 780 1753 945 1793; x_wconf 88' lang='lat' dir='ltr'><strong>Romam</strong></span> <span class='ocrx_word' id='word_1_160' title='bbox 982 1754 1089 1793; x_wconf 89' lang='lat' dir='ltr'><strong>venit</strong></span> <span class='ocrx_word' id='word_1_161' title='bbox 1118 1766 1238 1805; x_wconf 90' lang='lat' dir='ltr'><strong>eques</strong></span> <span class='ocrx_word' id='word_1_162' title='bbox 1268 1735 1519 1806; x_wconf 88' lang='lat' dir='ltr'><strong>municipalis</strong></span> 
     </span>
     <span class='ocr_line' id='line_1_21' title="bbox 222 1832 1519 1885; baseline -0.001 -12"><span class='ocrx_word' id='word_1_163' title='bbox 222 1838 308 1885; x_wconf 94' lang='lat' dir='ltr'><strong>post</strong></span> <span class='ocrx_word' id='word_1_164' title='bbox 346 1833 495 1872; x_wconf 89' lang='lat' dir='ltr'><strong>bellum</strong></span> <span class='ocrx_word' id='word_1_165' title='bbox 526 1833 740 1872; x_wconf 88' lang='lat' dir='ltr'><strong>Marsicum</strong></span> <span class='ocrx_word' id='word_1_166' title='bbox 770 1846 873 1872; x_wconf 86' lang='lat' dir='ltr'><strong>anno</strong></span> <span class='ocrx_word' id='word_1_167' title='bbox 902 1835 952 1872; x_wconf 89' lang='lat'><strong>88</strong></span> <span class='ocrx_word' id='word_1_168' title='bbox 983 1833 1153 1872; x_wconf 89' lang='lat' dir='ltr'><strong>finitum.</strong></span> <span class='ocrx_word' id='word_1_169' title='bbox 1195 1832 1363 1883; x_wconf 80' lang='lat' dir='ltr'><strong>„Modo”</strong></span> <span class='ocrx_word' id='word_1_170' title='bbox 1394 1833 1519 1884; x_wconf 88' lang='lat' dir='ltr'><strong>igitur</strong></span> 
     </span>
     <span class='ocr_line' id='line_1_22' title="bbox 219 1910 1517 1964; baseline 0 -13"><span class='ocrx_word' id='word_1_171' title='bbox 219 1911 393 1964; x_wconf 88' lang='lat' dir='ltr'><strong>spatium</strong></span> <span class='ocrx_word' id='word_1_172' title='bbox 432 1911 617 1964; x_wconf 79' lang='lat' dir='ltr'><strong>amplecti</strong></span> <span class='ocrx_word' id='word_1_173' title='bbox 653 1916 781 1964; x_wconf 89' lang='lat' dir='ltr'><strong>potest</strong></span> <span class='ocrx_word' id='word_1_174' title='bbox 810 1912 861 1951; x_wconf 87' lang='grc'><strong>25</strong></span> <span class='ocrx_word' id='word_1_175' title='bbox 890 1923 1095 1951; x_wconf 85' lang='lat' dir='ltr'><strong>annorum.</strong></span> <span class='ocrx_word' id='word_1_176' title='bbox 1150 1910 1243 1952; x_wconf 91' lang='lat' dir='ltr'><strong>Uno</strong></span> <span class='ocrx_word' id='word_1_177' title='bbox 1271 1915 1403 1951; x_wconf 88' lang='lat' dir='ltr'><strong>autem</strong></span> <span class='ocrx_word' id='word_1_178' title='bbox 1432 1912 1517 1952; x_wconf 90' lang='lat' dir='ltr'><strong>loco</strong></span> 
     </span>
     <span class='ocr_line' id='line_1_23' title="bbox 221 1989 1515 2029; baseline 0.001 -1"><span class='ocrx_word' id='word_1_179' title='bbox 221 1990 324 2028; x_wconf 85' lang='lat' dir='ltr'><strong>hanc</strong></span> <span class='ocrx_word' id='word_1_180' title='bbox 352 1990 588 2028; x_wconf 83' lang='lat' dir='ltr'><strong>sententiam</strong></span> <span class='ocrx_word' id='word_1_181' title='bbox 618 1990 705 2028; x_wconf 90' lang='lat' dir='ltr'><strong>voci</strong></span> <span class='ocrx_word' id='word_1_182' title='bbox 737 1990 865 2028; x_wconf 91' lang='lat' dir='ltr'><strong>inesse</strong></span> <span class='ocrx_word' id='word_1_183' title='bbox 895 2002 1029 2028; x_wconf 88' lang='lat' dir='ltr'><strong>omnes</strong></span> <span class='ocrx_word' id='word_1_184' title='bbox 1059 1989 1155 2028; x_wconf 91' lang='lat' dir='ltr'><strong>mihi</strong></span> <span class='ocrx_word' id='word_1_185' title='bbox 1175 1989 1338 2029; x_wconf 90' lang='lat' dir='ltr'><strong>dabunt.</strong></span> <span class='ocrx_word' id='word_1_186' title='bbox 1370 1990 1418 2029; x_wconf 92' lang='lat' dir='ltr'><strong>In</strong></span> <span class='ocrx_word' id='word_1_187' title='bbox 1434 1989 1515 2029; x_wconf 87' lang='lat' dir='ltr'><strong>Sat.</strong></span> 
     </span>
     <span class='ocr_line' id='line_1_24' title="bbox 220 2067 1518 2119; baseline 0 -12"><span class='ocrx_word' id='word_1_188' title='bbox 220 2068 245 2107; x_wconf 92' lang='grc'>2</span> <span class='ocrx_word' id='word_1_189' title='bbox 276 2080 332 2107; x_wconf 88' lang='lat' dir='ltr'><strong>vs.</strong></span> <span class='ocrx_word' id='word_1_190' title='bbox 366 2068 442 2107; x_wconf 87' lang='grc'><strong>160</strong></span> <span class='ocrx_word' id='word_1_191' title='bbox 472 2067 662 2118; x_wconf 78' lang='lat' dir='ltr'><strong>legimus:</strong></span> <span class='ocrx_word' id='word_1_192' title='bbox 692 2080 827 2117; x_wconf 87' lang='lat' dir='ltr'><strong>„arma</strong></span> <span class='ocrx_word' id='word_1_193' title='bbox 850 2067 1010 2119; x_wconf 89' lang='lat' dir='ltr'><strong>quidem</strong></span> <span class='ocrx_word' id='word_1_194' title='bbox 1041 2067 1147 2107; x_wconf 86' lang='lat' dir='ltr'><strong>ultra</strong></span> <span class='ocrx_word' id='word_1_195' title='bbox 1175 2067 1294 2107; x_wconf 86' lang='lat' dir='ltr'><strong>litora</strong></span> <span class='ocrx_word' id='word_1_196' title='bbox 1322 2067 1518 2108; x_wconf 89' lang='lat' dir='ltr'><strong>Iubernae</strong></span> 
     </span>
     <span class='ocr_line' id='line_1_25' title="bbox 221 2145 1517 2198; baseline 0.002 -14"><span class='ocrx_word' id='word_1_197' title='bbox 221 2146 489 2197; x_wconf 88' lang='lat' dir='ltr'><strong>promovimus</strong></span> <span class='ocrx_word' id='word_1_198' title='bbox 522 2151 560 2184; x_wconf 83' lang='lat' dir='ltr'><strong>et</strong></span> <span class='ocrx_word' id='word_1_199' title='bbox 590 2147 704 2185; x_wconf 92' lang='lat' dir='ltr'><strong>modo</strong></span> <span class='ocrx_word' id='word_1_200' title='bbox 733 2152 870 2197; x_wconf 86' lang='lat' dir='ltr'><strong>captas</strong></span> <span class='ocrx_word' id='word_1_201' title='bbox 900 2145 1116 2186; x_wconf 82' lang='lat' dir='ltr'><strong>Orcadas.’&#39;</strong></span> <span class='ocrx_word' id='word_1_202' title='bbox 1149 2146 1296 2186; x_wconf 91' lang='lat' dir='ltr'><strong>Notum</strong></span> <span class='ocrx_word' id='word_1_203' title='bbox 1326 2152 1385 2186; x_wconf 88' lang='lat' dir='ltr'><strong>est</strong></span> <span class='ocrx_word' id='word_1_204' title='bbox 1400 2146 1517 2198; x_wconf 88' lang='lat' dir='ltr'><strong>Agri-</strong></span> 
     </span>
    </p>
   </div>
   <div class='ocr_carea' id='block_1_3' title="bbox 156 2218 1517 2275">
    <p class='ocr_par' dir='ltr' id='par_1_4' title="bbox 156 2218 1517 2275">
     <span class='ocr_line' id='line_1_26' title="bbox 156 2218 1517 2275; baseline 0 -10"><span class='ocrx_word' id='word_1_205' title='bbox 156 2218 160 2221; x_wconf 41' lang='lat'><em>*</em></span> <span class='ocrx_word' id='word_1_206' title='bbox 220 2224 347 2265; x_wconf 87' lang='lat' dir='ltr'><strong>colam</strong></span> <span class='ocrx_word' id='word_1_207' title='bbox 384 2224 457 2264; x_wconf 88' lang='lat' dir='ltr'><strong>has</strong></span> <span class='ocrx_word' id='word_1_208' title='bbox 496 2225 648 2264; x_wconf 88' lang='lat' dir='ltr'><strong>insulas</strong></span> <span class='ocrx_word' id='word_1_209' title='bbox 686 2224 832 2264; x_wconf 88' lang='lat' dir='ltr'><strong>adiisse</strong></span> <span class='ocrx_word' id='word_1_210' title='bbox 866 2224 970 2264; x_wconf 88' lang='lat' dir='ltr'><strong>inter</strong></span> <span class='ocrx_word' id='word_1_211' title='bbox 1012 2237 1136 2264; x_wconf 88' lang='lat' dir='ltr'><strong>annos</strong></span> <span class='ocrx_word' id='word_1_212' title='bbox 1166 2225 1215 2264; x_wconf 83' lang='lat'><strong>78</strong></span> <span class='ocrx_word' id='word_1_213' title='bbox 1245 2229 1285 2264; x_wconf 90' lang='lat' dir='ltr'><strong>et</strong></span> <span class='ocrx_word' id='word_1_214' title='bbox 1315 2226 1386 2275; x_wconf 87' lang='lat'><strong>84,</strong></span> <span class='ocrx_word' id='word_1_215' title='bbox 1427 2238 1517 2265; x_wconf 86' lang='lat' dir='ltr'><strong>nam</strong></span> 
     </span>
    </p>
   </div>
   <div class='ocr_carea' id='block_1_4' title="bbox 219 2303 1515 2434">
    <p class='ocr_par' dir='ltr' id='par_1_5' title="bbox 219 2303 1515 2434">
     <span class='ocr_line' id='line_1_27' title="bbox 219 2303 1515 2355; baseline 0.001 -12"><span class='ocrx_word' id='word_1_216' title='bbox 219 2304 402 2355; x_wconf 92' lang='lat' dir='ltr'><strong>sequenti</strong></span> <span class='ocrx_word' id='word_1_217' title='bbox 431 2317 535 2343; x_wconf 89' lang='lat' dir='ltr'><strong>anno</strong></span> <span class='ocrx_word' id='word_1_218' title='bbox 563 2316 652 2343; x_wconf 91' lang='lat' dir='ltr'><strong>eum</strong></span> <span class='ocrx_word' id='word_1_219' title='bbox 683 2317 706 2342; x_wconf 90' lang='lat' dir='ltr'><strong>a</strong></span> <span class='ocrx_word' id='word_1_220' title='bbox 739 2303 970 2343; x_wconf 90' lang='lat' dir='ltr'><strong>Domitiano</strong></span> <span class='ocrx_word' id='word_1_221' title='bbox 1000 2308 1226 2344; x_wconf 90' lang='lat' dir='ltr'><strong>revocatum</strong></span> <span class='ocrx_word' id='word_1_222' title='bbox 1250 2317 1336 2344; x_wconf 89' lang='lat' dir='ltr'><strong>esse</strong></span> <span class='ocrx_word' id='word_1_223' title='bbox 1350 2310 1515 2345; x_wconf 88' lang='lat' dir='ltr'><strong>constat.</strong></span> 
     </span>
     <span class='ocr_line' id='line_1_28' title="bbox 221 2381 1515 2434; baseline 0.002 -13"><span class='ocrx_word' id='word_1_224' title='bbox 221 2381 312 2431; x_wconf 85' lang='lat' dir='ltr'><strong>Quo</strong></span> <span class='ocrx_word' id='word_1_225' title='bbox 349 2389 480 2422; x_wconf 86' lang='lat' dir='ltr'><strong>autem</strong></span> <span class='ocrx_word' id='word_1_226' title='bbox 520 2388 693 2433; x_wconf 90' lang='lat' dir='ltr'><strong>tempore</strong></span> <span class='ocrx_word' id='word_1_227' title='bbox 720 2382 817 2422; x_wconf 87' lang='lat' dir='ltr'><strong>haec</strong></span> <span class='ocrx_word' id='word_1_228' title='bbox 850 2387 987 2422; x_wconf 87' lang='lat' dir='ltr'><strong>satura</strong></span> <span class='ocrx_word' id='word_1_229' title='bbox 1016 2382 1165 2434; x_wconf 84' lang='lat' dir='ltr'><strong>scripta</strong></span> <span class='ocrx_word' id='word_1_230' title='bbox 1192 2383 1263 2432; x_wconf 84' lang='lat' dir='ltr'><strong>sit,</strong></span> <span class='ocrx_word' id='word_1_231' title='bbox 1297 2387 1342 2423; x_wconf 90' lang='lat' dir='ltr'><strong>ut</strong></span> <span class='ocrx_word' id='word_1_232' title='bbox 1371 2383 1515 2424; x_wconf 85' lang='lat' dir='ltr'><strong>mathe-</strong></span> 
     </span>
    </p>
   </div>
   <div class='ocr_carea' id='block_1_5' title="bbox 220 2483 393 2486">
    <p class='ocr_par' dir='ltr' id='par_1_6' title="bbox 220 2483 393 2486">
     <span class='ocr_line' id='line_1_29' title="bbox 220 2483 393 2486; baseline 0 0"><span class='ocrx_word' id='word_1_233' title='bbox 220 2483 393 2486; x_wconf 95' lang='lat' dir='ltr'><strong> </strong></span> 
     </span>
    </p>
   </div>
   <div class='ocr_carea' id='block_1_6' title="bbox 270 2534 852 2576">
    <p class='ocr_par' dir='ltr' id='par_1_7' title="bbox 270 2534 852 2576">
     <span class='ocr_line' id='line_1_30' title="bbox 270 2534 852 2576; baseline 0 -11"><span class='ocrx_word' id='word_1_234' title='bbox 270 2535 296 2574; x_wconf 83' lang='lat'><strong>¹)</strong></span> <span class='ocrx_word' id='word_1_235' title='bbox 321 2534 447 2575; x_wconf 88' lang='lat' dir='ltr'><strong>Bogen.</strong></span> <span class='ocrx_word' id='word_1_236' title='bbox 474 2534 563 2565; x_wconf 70' lang='lat' dir='ltr'><strong>Dies.</strong></span> <span class='ocrx_word' id='word_1_237' title='bbox 591 2534 674 2565; x_wconf 88' lang='lat' dir='ltr'><strong>Crit.</strong></span> <span class='ocrx_word' id='word_1_238' title='bbox 700 2545 775 2576; x_wconf 77' lang='lat' dir='ltr'><strong>pag.</strong></span> <span class='ocrx_word' id='word_1_239' title='bbox 801 2536 852 2565; x_wconf 88' lang='grc'><strong>22.</strong></span> 
     </span>
    </p>
   </div>
  </div>
 </body>
</html>
