1816 2954
848 200 892 233 20

277 301 326 342 In
378 302 440 342 his
492 303 672 344 versibus
714 315 776 343 me
818 303 999 353 offendit,
1045 303 1151 356 quod
1193 304 1235 343 in
1279 304 1514 344 secundaria

222 381 374 432 periodi
403 385 516 433 parte
544 383 763 433 perfectum
791 388 947 435 tempus
961 384 1164 424 invenitur
1179 383 1254 423 etsi
1269 383 1310 422 in
1326 383 1514 435 primaria

220 458 400 499 futurum
428 459 600 511 positum
629 465 708 511 est,
739 461 804 502 cui
833 460 1021 514 loquendi
1051 461 1165 502 modo
1193 465 1309 514 poeta
1331 474 1410 502 non
1436 461 1514 502 nisi

221 536 262 576 in
290 536 366 576 hoc
394 537 479 577 loco
508 538 686 579 indulsit.
718 538 780 579 Cf.
813 539 1008 580 Kiaerum
1038 552 1128 591 pag.
1161 540 1251 579 202.

274 613 488 657 Praeterea
524 617 680 669 aliquid
718 617 809 659 duri
847 617 945 658 mihi
977 617 1105 658 inesse
1136 617 1294 658 videtur
1322 616 1513 658 locutioni

223 693 386 744 „urbem
423 692 633 743 indulgere
670 691 828 744 pucris”
868 704 939 744 pro
981 692 1117 742 „urbis
1145 692 1353 732 illecebras
1380 691 1514 744 pueris

450 770 471 787 Η

221 770 445 812 concedere.

222 849 380 900 longior
416 862 539 888 ansam
580 849 746 888 indiderit
775 849 839 888 vel
868 848 1027 887 obtulerit
1055 848 1228 900 pueris'',
1267 854 1313 888 ut
1341 848 1438 889 haec
1461 849 1513 888 sit

517 769 662 811 Nescio
704 783 755 810 an
798 769 1011 822 legendum
1052 770 1124 810 sit:
1171 783 1287 822 „nam
1329 770 1364 811 si
1405 782 1514 810 mora

221 927 440 968 sententia:
484 940 576 967 nam
617 927 654 968 si
696 939 806 967 mora
849 927 1005 979 longior
1048 926 1292 968 occasionem
1326 925 1513 979 peccandi

221 1006 356 1059 pueris
392 1006 639 1058 praebuerit,
679 1019 757 1046 non
801 1018 975 1057 unquam
1012 1005 1115 1045 derit
1153 1010 1325 1055 amator,
1365 1006 1514 1058 patrios

222 1098 350 1127 mores
377 1090 544 1136 exuent,
575 1098 736 1138 prorsus
763 1089 1074 1137 corrumpentur.

637 1519 945 1560 SATURA
1011 1520 1094 1560 III.

743 1679 808 1712 Vs,
832 1678 973 1711 37—40.

1048 1797 1146 1838 Inde
1173 1798 1322 1838 reversi

327 1875 554 1918 conducunt
582 1875 746 1927 foricas3
777 1879 817 1916 et
845 1887 917 1916 cur
945 1888 1025 1915 non
1053 1875 1213 1916 omnia?
1241 1888 1330 1916 cum
1359 1876 1439 1916 sint

327 1955 467 2006 quales
494 1967 544 1994 ex
573 1955 715 1995 humili
745 1967 890 2006 magna
918 1954 968 1994 ad
997 1954 1161 2005 fastigia
1189 1966 1320 1994 rerum

328 2032 501 2084 extollit,
531 2032 715 2086 quotiens
746 2032 872 2074 voluit
900 2031 1081 2073 Fortuna
1109 2031 1242 2073 iocari.

273 2170 408 2212 Verba
444 2171 573 2212 otiosa
602 2176 666 2223 „et
694 2184 766 2212 cur
794 2184 873 2212 non
897 2169 1082 2212 omnia?''
1113 2170 1238 2211 iustas
1262 2171 1510 2224 corruptelae

217 2251 463 2303 suspiciones
504 2256 683 2301 movent,
727 2263 857 2303 neque
899 2251 1029 2303 placet
1068 2249 1317 2303 Weidneri1)
1360 2250 1509 2291 coniec-

218 2333 309 2370 tura
346 2329 517 2382 legentis
557 2328 751 2381 „omina'’‚
792 2329 980 2381 quoniam
1019 2329 1080 2369 illi
1110 2328 1287 2369 homines
1315 2329 1509 2381 negotiosi

265 2516 292 2557 ¹)
317 2515 535 2548 Weidner.
562 2516 630 2547 Sat.
656 2515 727 2547 Iuv.
757 2526 831 2558 pag.
856 2517 908 2549 69.
