1816 2954
838 208 881 239 26

624 432 646 472 S
674 431 704 473 A
730 433 756 473 T
782 431 814 473 U
843 431 927 472 R·A
979 432 1091 475 IIII.

738 595 804 628 VS.
830 596 969 628 50—56.

326 711 417 752 Non
441 712 664 753 dubitaturi
693 713 910 765 fugitivum
939 712 1071 753 dicere
1100 713 1247 765 piscem

323 790 611 842 depastumque
639 790 709 831 diu
738 791 895 831 vivaria
924 789 1129 841 Caesaris,
1160 791 1253 831 inde

323 870 502 922 elapsum
526 873 700 910 veterem
729 869 779 910 ad
807 869 1010 910 dominum
1038 869 1181 910 debere
1211 870 1369 910 reverti.

322 946 366 987 Si
394 948 492 999 quid
521 947 722 998 Palfurio,
752 948 787 988 si
812 948 1008 988 oredimus
1032 947 1267 998 Armillato,

320 1026 516 1079 quidquid
545 1027 801 1079 conspicuum
827 1026 1115 1079 pulchrumque
1140 1031 1199 1067 est
1224 1039 1393 1078 aequore
1416 1030 1498 1067 toto

321 1118 385 1146 res
413 1105 499 1146 fisci
527 1110 606 1156 est,
639 1106 878 1158 ubicumque
908 1110 1038 1146 natat:
1069 1105 1284 1146 donabitur
1312 1118 1406 1156 ergo

321 1197 371 1225 ne
395 1189 542 1238 pereat.

256 1307 380 1348 Recte
417 1312 549 1348 monet
587 1306 847 1347 Heinrichius
861 1306 889 1360 l)
931 1319 1077 1347 nexum
1104 1307 1390 1347 sententiarum
1416 1318 1494 1346 non

203 1386 454 1439 perspicuum
493 1398 589 1426 esse.
630 1384 674 1426 Si
716 1386 821 1426 enim
862 1398 998 1427 verum
1026 1390 1086 1426 est
1112 1385 1217 1438 quod
1248 1398 1305 1426 vs.
1336 1386 1494 1425 54—56

200 1465 452 1517 perhibetur,
499 1477 579 1505 non
630 1477 730 1517 opus
772 1470 857 1505 erat
900 1465 1207 1517 inquisitoribus
1249 1469 1295 1505 ut
1336 1477 1495 1504 oausam

199 1544 395 1595 fingerent
437 1555 562 1595 quare
589 1543 710 1595 piscis
738 1544 897 1595 elapsus
925 1548 1028 1583 esset
1056 1555 1105 1583 ex
1134 1543 1300 1583 vivariis
1329 1543 1494 1595 impera-

197 1622 306 1661 toris.
351 1620 498 1662 Omnia
534 1626 643 1661 reeta
676 1626 769 1661 sunt
807 1634 931 1673 parva
969 1621 1274 1674 transpositione
1309 1622 1415 1661 faeta
1455 1625 1494 1660 et

196 1700 312 1752 signo
348 1699 673 1752 interrogationis
710 1703 799 1753 post
839 1699 1101 1752 „Armillato”
1137 1700 1287 1753 posito:
1333 1698 1489 1752 „Quid‚

196 1778 230 1817 si
259 1777 459 1828 Palfurio,
493 1778 528 1817 si
552 1778 750 1818 eredimus
774 1778 988 1818 Armillato
997 1778 1041 1818 ?''
1082 1779 1161 1818 Res
1190 1779 1398 1818 manifesta
1434 1784 1493 1817 est

197 1863 242 1899 ut
269 1858 434 1898 verbum
464 1870 543 1898 non
570 1858 743 1910 amplius
773 1858 930 1898 addam.

251 1935 316 1975 De
367 1936 567 1975 locutione
621 1936 742 1987 „quid
784 1935 843 1976 si'’
892 1936 1071 1976 conferas
1114 1935 1197 1975 Sat.
1242 1935 1349 1975 VIII
1394 1938 1489 1985 183,

196 2013 236 2052 X
267 2016 338 2064 363
372 2014 493 2064 Verg.
524 2014 624 2054 Aen.
656 2014 746 2053 IIII
775 2017 851 2054 311
883 2020 922 2054 et
951 2014 1130 2066 Propert.
1162 2014 1201 2053 V
1233 2016 1268 2053 9.
1298 2016 1362 2054 43.

724 2167 790 2198 VS.
815 2167 957 2199 76—81.

799 2279 933 2332 Rapta
960 2280 1197 2332 properabat
1224 2279 1357 2320 abolla

300 2355 498 2408 Pegasus,
530 2357 723 2397 attonitae
752 2358 905 2410 positus
933 2358 1047 2398 modo
1077 2358 1221 2399 vilicus
1250 2358 1360 2408 urbi,

239 2519 263 2557 ¹)
288 2519 307 2549 l.
334 2518 354 2549 l.
380 2529 454 2561 pag.
482 2518 554 2550 178.
