1816 2954
890 188 931 221 61

273 292 370 345 quid
407 304 566 344 parum,
606 290 704 343 quid
745 290 874 331 omitti
902 290 1044 331 addive
1071 291 1244 344 potuerit
1280 289 1393 344 (talia
1420 289 1559 330 sentiri

272 370 435 421 debent;
475 382 554 409 non
591 373 756 421 possunt
792 370 908 421 quasi
936 370 986 410 ad
1014 370 1204 411 circinum
1232 374 1272 409 et
1300 369 1351 409 ad
1380 381 1556 409 normam

271 447 420 502 exigi),
451 448 525 488 hoc
552 452 683 488 tamen
711 447 899 489 audacter
926 448 1119 489 affirmare
1147 448 1296 499 ausim,
1327 459 1475 501 paucos
1489 452 1559 487 aut

272 540 322 567 ne
358 538 504 579 paucos
540 526 700 578 quidem
737 539 825 567 cum
855 525 1030 567 Scholtio
1059 527 1353 580 vituperaturos
1380 530 1555 578 poetam,

271 604 377 658 quod
407 604 481 645 hoc
509 604 596 645 loco
623 604 730 646 hunc
756 617 912 646 versum
940 605 1114 658 lepidum
1145 604 1218 659 (vs.
1236 604 1331 658 339)
1348 604 1555 645 addiderit.

271 683 431 734 Altera,
461 695 581 735 quam
600 683 733 734 affert,
750 695 869 723 causa
882 689 942 724 est
960 684 1200 724 inanissima.
1231 684 1407 724 Tantum
1422 684 1554 732 abest,

270 767 315 802 ut
343 762 380 802 ei
408 761 617 802 concedam
645 761 752 802 hunc
766 774 923 802 versum
938 763 1042 802 omni
1057 775 1190 803 carere
1203 775 1321 803 sensu
1336 761 1556 810 communi,

271 844 315 879 ut
343 839 600 893 hyperbolem
627 851 712 879 esse
727 843 861 891 putem
875 840 1197 891 pulcherrimam,
1216 840 1281 880 cui
1295 840 1390 880 insit
1404 851 1557 880 summa

271 917 400 958 virtus
441 917 601 958 comica.
651 917 912 970 Lepidissime
949 918 1011 959 his
1048 919 1179 958 verbis
1216 918 1402 971 exprimit
1440 922 1557 970 poeta

270 1008 360 1037 eum
397 996 527 1037 locum
563 1008 648 1037 esse
683 996 953 1037 sanctuarium
985 997 1218 1037 feminarum
1247 1001 1287 1037 et
1315 997 1553 1047 sacrarium,

270 1087 349 1127 quo
390 1075 512 1123 nihil,
556 1074 662 1126 quod
704 1087 870 1127 usquam
912 1080 971 1115 est
1013 1076 1197 1124 masculi,
1246 1088 1296 1115 ne
1333 1076 1555 1115 musculum

269 1153 448 1205 quidem,
479 1153 628 1193 intrare
656 1153 717 1193 fas
744 1153 807 1193 sit.
839 1151 988 1193 Contra
1016 1166 1145 1194 mures
1159 1154 1328 1194 feminae
1343 1154 1556 1205 quominus

269 1231 401 1271 adsint
428 1231 541 1272 nulla
568 1231 710 1283 religio
737 1236 807 1271 est.
837 1231 944 1272 Audi
976 1230 1224 1283 Ciceronem,
1255 1232 1304 1272 de
1319 1232 1418 1272 Har.
1435 1232 1553 1284 Resp.

270 1311 342 1350 37:
361 1309 491 1362 „quod
514 1309 673 1362 quidem
696 1309 933 1351 sacrificium
956 1315 1047 1351 ante
1060 1310 1105 1351 P.
1122 1310 1306 1351 Clodium
1320 1323 1434 1351 nemo
1449 1311 1555 1351 omni

270 1389 456 1429 memoria
484 1389 669 1439 violavit,
709 1401 823 1430 nemo
851 1402 1024 1441 unquam
1051 1390 1170 1440 adiit,
1212 1402 1325 1430 nemo
1354 1389 1552 1441 neglexit,

269 1480 383 1509 nemo
420 1468 483 1508 vir
519 1467 695 1520 aspicere
733 1480 811 1509 non
849 1467 1041 1509 horruit.⁷'
1086 1468 1255 1521 Insuper
1293 1468 1414 1508 verba
1452 1479 1555 1520 quae

269 1553 362 1586 sunt
404 1558 567 1598 „penem
605 1546 791 1586 maiorem
827 1558 944 1597 quam
973 1546 1052 1586 duo
1080 1546 1363 1586 Anticatones‘’
1394 1546 1555 1597 egregie

268 1625 449 1677 opposita
475 1629 568 1664 sunt
597 1624 727 1664 verbis
758 1624 956 1675 „testiculi
979 1624 1056 1664 sibi
1070 1624 1250 1664 conscius
1264 1623 1389 1664 mus.'’
1416 1622 1555 1664 Simile

268 1703 365 1755 quid
394 1703 436 1742 in
465 1701 642 1743 Scholtio
670 1701 1032 1754 reprehendendum
1061 1702 1218 1742 videtur
1237 1702 1288 1742 ad
1303 1714 1461 1742 versum
1474 1703 1553 1742 485

269 1781 388 1821 huius
415 1785 594 1830 saturae,
625 1781 693 1820 ubi
723 1781 820 1820 haec
842 1780 1068 1820 adnotavit:
1101 1780 1291 1831 „Accedit
1313 1780 1420 1832 quod
1442 1793 1555 1820 voca-

268 1860 406 1900 bulum
437 1858 661 1911 „cognitio”
691 1859 788 1899 alibi
803 1890 811 1908 ‚
826 1859 868 1898 ni
882 1858 1019 1908 fallor,
1050 1870 1252 1910 nunquam
1266 1858 1315 1898 de
1329 1859 1416 1911 ipsa
1429 1871 1555 1911 poena

267 1936 336 1977 sed
372 1949 525 1989 semper
562 1936 611 1977 de
647 1936 903 1989 inquisitione
939 1936 1123 1976 dicitur.’'
1167 1935 1259 1977 Vox
1297 1936 1421 1987 enim,
1452 1949 1555 1989 quae

208 2021 210 2024 ⁴
268 2021 327 2057 est
366 2016 603 2068 „cognitio”,
634 2017 814 2057 consulto
842 2016 907 2056 hic
935 2016 1063 2068 posita
1091 2021 1150 2056 est
1177 2029 1202 2056 a
1231 2020 1367 2068 poeta,
1399 2021 1444 2056 ut
1472 2020 1554 2056 tam

266 2099 418 2135 atroces
459 2095 736 2147 inquisitiones
776 2094 940 2146 gravius
983 2094 1277 2146 perstringeret.
1328 2094 1463 2134 Possis
1504 2107 1553 2133 ex

269 2152 351 2213 sat.
383 2173 470 2222 111,
502 2174 601 2212 289:

348 2288 393 2330 Si
422 2288 511 2329 rixa
539 2293 619 2339 est,
650 2288 720 2329 ubi
746 2292 791 2329 tu
819 2288 973 2341 pulsas,
1004 2300 1078 2340 ego
1108 2288 1254 2341 vapulo
1282 2293 1449 2330 tantum.
1514 2276 1516 2278 ’

265 2404 347 2446 leni
388 2405 607 2446 mutatione
643 2404 722 2446 huc
758 2417 973 2445 arcessere:
1013 2405 1048 2445 si
1088 2405 1264 2457 cognitio
1293 2410 1372 2457 est,
1411 2406 1482 2447 ubi
1510 2410 1553 2447 tu

266 2484 415 2535 saevis,
444 2497 519 2536 ego
548 2484 693 2537 vapulo
722 2488 888 2525 tantum.
