1816 2954
873 185 916 217 17

257 291 343 331 loco
378 289 458 331 dici
486 303 564 331 non
592 294 731 343 potest.
762 289 944 340 Querelis
971 290 1089 331 facile
1117 290 1348 330 absisterem
1375 289 1411 330 si
1440 290 1541 330 forte

257 373 373 421 poeta
399 368 619 421 scripsisset
650 368 798 420 „honor
824 373 864 408 et
892 368 1057 419 virtus”‚
1087 368 1193 421 quod
1223 372 1360 408 notum
1384 372 1444 408 est
1469 368 1540 408 hos

256 446 350 487 deos
385 447 612 499 saepissime
648 447 855 499 coniungi,
898 447 997 499 quin
1035 447 1086 488 iis
1128 460 1152 487 a
1188 447 1378 487 Marcello
1417 459 1540 487 unum

256 525 447 577 templum
482 525 524 564 in
562 525 664 565 votis
703 525 937 578 promissum
965 538 1049 566 esse
1064 525 1107 579 1).
1138 525 1243 566 Tum
1273 538 1330 566 vs.
1362 527 1438 566 116
1470 526 1539 565 vix

257 586 456 644 dilucidus
483 608 561 654 est,
600 616 727 656 neque
754 604 1020 657 intellegitur,
1046 617 1170 656 quare
1199 603 1421 644 Concordia
1449 604 1541 644 nido

256 681 497 722 ciconiarum
538 686 717 733 ornetur,
764 682 834 734 qui
876 682 1007 735 potius
1048 681 1194 722 Pietati
1237 682 1439 722 debeatur.
1497 681 1541 722 Si

257 773 395 800 versus
431 761 626 800 retinendi
662 765 774 811 sunt,
815 774 885 813 pro
915 761 1084 813 „atque”
1115 762 1280 813 legerim
1312 762 1459 812 „cana”
1490 775 1539 801 ex

257 838 438 892 Vergilio
475 843 675 893 sumptum
712 852 736 880 a
762 851 842 893 quo
870 839 986 893 plura
1013 844 1129 893 poeta
1151 839 1412 893 deprompsit:
1453 852 1540 880 con-

256 920 316 959 fer
344 918 425 959 Sat.
456 919 495 959 V
527 921 623 970 101,
655 920 751 970 125,
785 921 876 960 138.

756 1090 822 1123 VS.
847 1090 1030 1123 137—138.

391 1202 494 1244 Nam
531 1202 580 1242 de
616 1206 674 1242 tot
710 1202 887 1255 pulchris
914 1206 953 1242 et
981 1202 1074 1243 latis
1102 1203 1265 1243 orbibus
1291 1207 1331 1243 et
1359 1207 1439 1243 tam

389 1282 565 1334 antiquis
592 1294 673 1322 una
698 1281 907 1323 comedunt
936 1282 1173 1334 patrimonia
1200 1281 1346 1323 mensa.

310 1394 366 1435 Hi
401 1407 540 1436 versus
572 1394 688 1436 valde
725 1394 822 1435 mihi
858 1394 1087 1448 displicent,
1126 1394 1320 1448 imprimis
1358 1407 1415 1435 vs.
1449 1397 1537 1436 137.

255 1473 515 1514 Enumeratio
551 1474 747 1514 virtutum
782 1474 942 1514 illorum
978 1474 1133 1514 orbium
1161 1474 1367 1514 fastidium
1395 1479 1537 1514 movet.

255 1551 362 1602 Quid
403 1553 523 1593 refert
562 1552 750 1605 qualibus
786 1551 835 1592 de
872 1552 1035 1593 orbibus
1069 1552 1308 1605 patrimonia
1334 1552 1539 1593 comedan-

189 1674 191 1676 ,
254 1631 348 1671 tur?
387 1630 513 1682 Quid,
544 1631 650 1683 quod
677 1636 758 1670 tam
784 1631 939 1682 antiqui
965 1630 1180 1670 dicuntur?
1218 1630 1309 1670 Nisi
1338 1631 1439 1671 forte
1466 1631 1542 1671 hoc

254 1709 382 1750 voluit
423 1713 558 1762 poeta,
602 1709 694 1749 illos
731 1709 845 1749 orbes
882 1713 1060 1749 veterum
1087 1713 1307 1761 temporum
1335 1712 1456 1749 testes
1483 1709 1540 1748 in-

252 1788 411 1840 dignari
458 1789 659 1829 luxuriam
701 1788 944 1840 posteritatis
959 1788 991 1827 !!
1049 1787 1166 1837 Quod
1208 1788 1425 1829 absurdum
1467 1793 1538 1828 est.

252 1866 359 1907 Ante
404 1879 466 1907 me
510 1866 626 1907 eiecit
667 1879 734 1907 eos
776 1865 1024 1907 Ribbeckius
1038 1865 1092 1920 2),
1146 1878 1218 1907 nec
1268 1879 1347 1907 non
1405 1865 1540 1907 Schol-

253 1945 335 1985 tius
350 1945 396 1999 ⁸).

756 2053 823 2086 VS.
847 2055 1030 2085 leo—161.

333 2163 435 2206 Cum
471 2165 603 2206 veniet
640 2170 795 2216 contra,
835 2165 961 2217 digito
999 2177 1200 2218 compesce
1228 2165 1443 2206 labellum:

332 2249 537 2286 accusator
564 2245 659 2296 erit,
690 2245 760 2297 qui
790 2245 956 2286 verbum
984 2244 1131 2285 dixerit
1158 2244 1228 2286 hic
1255 2250 1326 2286 est..

299 2379 326 2421 ¹)
351 2378 552 2412 Confer-atur
576 2379 763 2420 Preller,
788 2378 885 2411 Rom.
908 2378 1038 2422 Myth„
1062 2389 1136 2422 pag.
1161 2380 1235 2411 613.

298 2437 326 2480 ²)
348 2438 420 2470 Der
443 2438 552 2470 Echte
576 2437 645 2470 und
668 2437 726 2470 der
750 2437 906 2470 Unechte
929 2437 1098 2478 Iuvenal„
1124 2449 1155 2481 p.
1181 2438 1255 2470 116.

299 2496 328 2538 ³)
353 2497 546 2538 Scholte,
570 2497 776 2529 Dissertatio
799 2496 998 2536 Litteras-ia,
1023 2508 1053 2539 p.
1078 2497 1109 2528 6.
