1816 2954
289 900 459 929 Mancinelli
478 900 688 937 praefationem
709 908 792 928 suam
812 900 842 928 in
864 900 1012 929 Iuvenalis
1035 901 1156 930 saturici
1180 902 1284 938 poetae
1303 900 1529 929 commentarios

252 963 294 989 sic
319 963 437 998 incipit:
467 963 609 997 „Edidere
636 963 779 990 hactenus
800 964 1056 990 commentationes
1077 964 1107 990 in
1130 963 1303 990 Iuvenalem
1326 963 1445 998 praesul
1467 962 1531 998 dig-

252 1024 371 1053 nissime
394 1025 449 1053 viri
477 1024 632 1054 clarissimi
659 1026 814 1062 quattuor:
845 1024 984 1061 Sabinus,
1013 1025 1203 1061 Galderinus,
1232 1025 1362 1060 Merula,
1386 1025 1532 1061 Georgius

254 1090 348 1116 Valla.
386 1089 514 1121 Quintus
540 1090 631 1125 igitur
658 1090 722 1125 ipse
747 1090 883 1118 accedam
895 1111 979 1117 .....
1013 1091 1076 1126 Ego
1104 1099 1174 1117 vero
1203 1092 1385 1125 (quanquam
1414 1090 1533 1117 minime

242 1152 389 1196 vvitiosum
415 1154 475 1187 est,
507 1152 531 1180 si
559 1151 629 1189 quid
656 1152 687 1179 in
714 1161 746 1180 re
773 1151 887 1180 infinita
913 1152 1058 1188 omiseris)
1091 1152 1165 1179 nihil
1194 1152 1255 1179 fere
1276 1152 1436 1186 intactum,
1458 1152 1531 1179 nihil

250 1216 439 1252 implicitum,
460 1216 602 1244 nodosum
621 1217 694 1244 nihil
716 1217 836 1253 reliqui:
863 1217 904 1245 ita
925 1217 1071 1251 subiecta,
1093 1216 1252 1252 explicita,
1275 1215 1402 1244 enodata
1422 1216 1531 1252 passim

251 1280 319 1305 sunt
347 1278 416 1306 mihi
439 1279 544 1306 omnia.
573 1279 716 1306 Poterunt
743 1287 814 1315 ergo
833 1279 948 1306 iamiam
969 1279 1137 1315 quicunque
1158 1279 1309 1306 Iuvenalis
1332 1279 1437 1306 satiras
1462 1278 1529 1306 ado-

250 1343 429 1370 lescentibus
449 1343 587 1371 facillime
607 1343 803 1380 interpretari.
825 1342 890 1371 Non
901 1343 978 1371 enim
989 1342 1150 1370 carminum
1162 1351 1282 1377 sensus,
1301 1350 1359 1370 non
1371 1341 1531 1370 dictionum

250 1405 335 1440 orde,
366 1414 424 1433 non
455 1406 543 1433 etiam
575 1408 728 1433 auctorum
759 1406 925 1433 testimonia
954 1406 1028 1433 locis
1060 1406 1121 1433 suis
1150 1405 1363 1433 desiderantur.
1403 1405 1531 1433 'rextum

250 1478 366 1505 quoque
393 1469 564 1497 mendosum
589 1470 670 1506 prius
690 1469 955 1498 emendatissimum
975 1470 1084 1497 habent
1105 1471 1135 1497 et
1156 1470 1276 1505 punctis
1298 1469 1360 1497 suis
1381 1471 1530 1503 notatum;

248 1532 278 1559 id
297 1541 424 1569 namque
444 1533 630 1570 potissimum
650 1533 735 1561 debet
756 1541 820 1561 esse
840 1533 1024 1569 interpreti.”

289 1596 371 1629 Quae
391 1596 482 1633 igitur
503 1596 624 1625 vixdum
644 1597 754 1625 renatis
774 1596 879 1624 litteris
901 1596 1111 1625 Mancinellum
1129 1596 1326 1625 confidentius
1338 1596 1531 1633 spopondisse

248 1659 464 1696 intellegimus,
481 1668 516 1687 ea
530 1660 745 1694 Brittannicus,
764 1659 918 1694 Pithoeus,
938 1659 1103 1696 Rigaltius,
1122 1660 1297 1696 Gangraeus
1312 1662 1342 1687 et
1353 1660 1530 1688 recentiores

250 1723 416 1759 Rupertus,
452 1723 586 1759 Weberi,
618 1723 820 1757 Heinrichius,
851 1722 1033 1759 Madvig-ius,
1066 1723 1269 1758 Hermannus,
1306 1724 1449 1758 Jahnius,
1480 1723 1530 1750 alii

249 1787 326 1814 haud
355 1787 439 1823 pauci
469 1796 522 1824 pro
552 1788 629 1815 virili
657 1789 740 1823 parte
760 1788 909 1823 praestare
930 1786 1123 1822 studuerunt,
1154 1787 1277 1815 eandem
1298 1787 1344 1815 vel
1361 1795 1465 1823 parum
1486 1786 1529 1813 di-

249 1859 362 1878 versam
382 1851 595 1887 interpretandi
616 1853 644 1878 et
665 1849 835 1878 emendandi
856 1850 999 1878 rationem
1019 1850 1121 1878 secuti.

287 1913 365 1941 Ecce
390 1915 488 1941 autem
508 1915 577 1940 ante
597 1914 650 1940 hos
672 1912 891 1949 quatuordecim
911 1921 1004 1940 annos
1025 1913 1141 1940 exstitit
1163 1914 1207 1940 vir
1231 1913 1433 1947 doctissimus,
1457 1912 1528 1940 Rib-

247 1975 384 2004 beckium
411 1975 492 2011 dico,
524 1976 574 2012 qui
601 1976 672 2003 trita
698 1975 802 2003 semita
829 1977 928 2012 spreta
955 1977 985 2003 et
1013 1975 1119 2004 relicta
1147 1985 1239 2004 novas
1260 1976 1393 2004 tramites
1415 1975 1529 2012 aperire

248 2038 417 2067 destinaret.
446 2038 628 2067 Ribbeckius
658 2038 764 2075 igitur,
794 2038 868 2065 mira
897 2038 1010 2075 ingenii
1038 2039 1205 2067 subtilitate
1231 2039 1362 2074 adiutus,
1394 2040 1528 2075 plurimis

248 2103 320 2131 locis
347 2102 549 2131 difficultatem
576 2102 704 2138 aliquam
732 2102 828 2130 inesse
850 2103 902 2130 aut
930 2101 1026 2130 labem
1047 2102 1269 2138 animadvertit;
1290 2102 1341 2131 sed
1363 2102 1439 2130 idem
1460 2112 1527 2131 mox

247 2166 337 2194 nimia
359 2165 484 2203 quadam
510 2165 671 2202 sagacitate
696 2165 775 2193 ultra
795 2164 868 2193 fines
890 2165 1046 2202 divagatus
1067 2166 1167 2194 infima
1197 2167 1317 2194 summis
1338 2167 1471 2202 miscuit,
1499 2167 1528 2194 in

248 2239 280 2258 re
300 2230 402 2258 critica
421 2232 535 2265 autem,
565 2229 667 2258 subtili
688 2229 739 2257 illo
759 2229 977 2266 philologorum
998 2230 1114 2267 scalpro
1135 2231 1264 2266 abiecto,
1292 2231 1402 2259 maiora
1422 2239 1526 2265 ausus,

247 2293 284 2321 ad
311 2293 485 2322 atrociorem
511 2292 684 2321 medicinam
710 2301 742 2319 se
769 2292 922 2320 transtulit
953 2295 1100 2327 „structor
1122 2294 1310 2321 chironomon
1331 2293 1442 2321 volanti
1464 2294 1526 2321 cul-

246 2357 338 2386 tello’'
372 2358 488 2394 poetam
519 2357 668 2393 „secans”,
700 2356 746 2384 vel
778 2356 876 2393 potius
908 2357 1031 2385 vulnera
1060 2366 1136 2395 quae
1166 2357 1388 2386 immedicabilia
1408 2357 1527 2386 duceret

247 2429 318 2448 ense
344 2421 484 2448 fulmineo
504 2420 653 2454 recidens,
681 2422 729 2447 at.
743 2441 750 2447 .
763 2441 769 2447 .
783 2441 789 2447 .
818 2420 947 2449 sinceras
968 2421 1056 2449 simul
1077 2424 1176 2458 partes
1197 2421 1274 2449 haud
1295 2430 1362 2449 raro
1382 2422 1526 2450 auferens.

286 2484 359 2511 Mihi
386 2484 532 2521 specimen
563 2483 740 2511 litterarium
760 2483 899 2511 scribenti
920 2486 1023 2511 neuter
1044 2493 1145 2520 presso
1165 2484 1258 2520 gradu
1278 2484 1444 2520 sequendus
1464 2493 1528 2512 esse
