1816 2954
854 186 892 218 51

232 291 358 331 oritur
385 289 600 338 sententia,
633 289 675 328 ni
704 289 841 339 fallor,
872 301 975 340 quae
990 294 1029 328 et
1044 288 1304 340 sequentibus
1319 287 1523 340 aptissime

232 369 465 421 excipiatur.
515 367 603 407 Hoc
639 367 756 408 dicit:
796 373 837 407 at
877 380 969 408 vero
997 367 1153 419 quoties
1183 367 1374 408 lascivum
1405 366 1523 406 inter-

233 448 340 488 venit
379 446 480 486 illud
507 453 573 491 ζωή
598 455 651 484 καὶ
677 452 787 497 ψυχή,
827 446 951 487 uteris
980 446 1021 486 in
1050 447 1208 499 publico
1237 445 1389 495 verbis,
1419 457 1523 497 quae

232 525 345 566 modo
387 524 428 578 (i.
458 537 491 565 8.
522 529 633 574 ante,
669 537 758 564 cum
797 525 970 566 nondum
1009 526 1144 566 vetula
1182 538 1289 576 eras,
1328 525 1399 565 illo
1428 529 1522 564 tem-

232 616 326 656 pore
352 616 432 655 quo
461 603 502 642 in
532 603 608 642 viri
636 604 885 655 amplexibus
914 604 1072 656 saepius
1101 604 1172 644 illa
1203 604 1323 644 verba
1337 601 1518 656 emisisti)

231 682 306 722 sub
349 682 477 721 lodice
515 682 658 721 emissa
695 687 788 721 sunt
826 694 851 721 a
887 688 951 729 te,
990 683 1137 733 quibus
1173 688 1289 722 antea
1326 682 1433 722 viros
1470 681 1521 721 ad

231 759 377 811 coitum
416 759 627 811 pellexisti.
673 758 790 808 Quod
827 759 932 798 enim
965 759 1038 812 (ita
1065 772 1198 799 secum
1228 772 1328 799 anus
1352 758 1517 811 cogitat)

232 851 310 878 non
338 837 485 878 excitet
513 837 662 889 inguen
693 850 770 876 vox
799 838 945 877 blanda
958 843 998 877 et
1015 837 1212 889 nequam?
1243 838 1361 877 Mart.
1378 837 1440 877 VI
1454 838 1518 877 23.

233 917 320 957 Hoc
349 917 523 956 vetulam
552 916 654 956 facio
683 917 942 968 cogitantem,
973 930 1051 968 quo
1073 917 1254 957 acerbius
1269 917 1389 956 etiam
1403 920 1520 969 poeta

232 994 472 1047 perstringat
509 999 677 1034 mentem
711 1007 811 1034 anus
848 994 1075 1035 detestabili
1109 995 1301 1047 pollutam
1330 995 1516 1043 libidine,

231 1074 379 1125 quippe
423 1086 526 1125 quae
563 1074 619 1113 ita
655 1074 696 1113 id
736 1074 944 1113 consilium
968 1074 1104 1114 iniisse
1132 1074 1443 1122 demonstretur,
1475 1080 1519 1113 ut

232 1152 339 1192 viros
378 1152 452 1192 sub
490 1152 655 1192 lodicem
694 1152 872 1192 illiceret.
908 1151 1084 1193 Gravius
1113 1165 1218 1192 nunc
1245 1157 1285 1192 et
1314 1152 1518 1192 vehemen-

201 1254 207 1259 -
231 1231 311 1271 tius
338 1232 486 1271 feriunt
501 1232 598 1271 haec
613 1232 734 1271 verba
749 1236 908 1283 poetae:
933 1236 1002 1282 „ut
1015 1236 1144 1271 tamen
1162 1244 1296 1271 omnes
1309 1231 1518 1272 subsidant

231 1309 395 1362 pinnae:
435 1309 545 1350 dicas
577 1309 675 1349 haec
712 1309 871 1349 mollius
909 1309 1061 1349 Haemo
1098 1321 1326 1361 quanquam
1355 1315 1394 1349 et
1423 1308 1516 1349 Car-

231 1388 429 1439 pophoro,
458 1389 580 1428 facies
607 1395 677 1428 tua
706 1394 906 1440 computat
934 1402 1068 1428 annos.

285 1465 328 1507 Si
357 1467 447 1519 quis
475 1467 683 1508 lectionem
714 1466 914 1518 „emissis”
946 1479 991 1507 eo
1020 1471 1264 1520 aspernetur,
1283 1466 1389 1519 quod
1404 1479 1516 1520 spon-

230 1545 333 1586 deus,
377 1546 418 1585 in
467 1546 606 1598 quinto
650 1558 788 1586 versus
830 1546 927 1598 pede
969 1547 1196 1586 inveniatur
1237 1547 1395 1600 dactylo
1439 1560 1517 1586 non

231 1624 509 1676 praecedente,
542 1625 717 1665 conferat
746 1624 827 1665 Sat.
858 1624 898 1664 V
928 1626 999 1665 38:
1033 1624 1272 1676 „Heliadum
1296 1630 1450 1665 crustas
1478 1630 1517 1664 et

231 1704 458 1753 inaequales
485 1703 696 1756 beryllos.'’

286 1780 430 1832 „Modo
474 1780 634 1821 relatis''
678 1779 862 1835 (emissis)
903 1780 1093 1833 optimum
1118 1781 1307 1833 praebent
1335 1793 1514 1830 sensum,

229 1861 313 1900 sive
351 1860 560 1912 participio
599 1860 704 1911 quod
743 1865 802 1899 est
833 1860 1017 1910 „relatis'’
1043 1860 1320 1911 significantur
1344 1873 1391 1900 ea
1413 1873 1517 1912 quae

229 1940 355 1980 relata
397 1943 510 1990 sunt,
554 1938 639 1979 sive
681 1951 783 1991 quae
807 1938 1098 1988 referebantur,
1143 1951 1233 1979 nam
1262 1938 1516 1992 participium

230 2018 446 2069 perfectum
497 2018 546 2056 de
593 2017 747 2056 actione
790 2018 853 2056 vel
895 2021 1001 2056 statu
1044 2017 1240 2056 interdum
1283 2018 1363 2058 dici
1404 2019 1518 2058 nulla

229 2098 417 2150 temporis
452 2095 743 2148 significatione
781 2096 906 2145 facta,
960 2095 1153 2148 imprimis
1204 2108 1293 2137 cum
1335 2096 1517 2138 absolute

229 2175 401 2229 positum
438 2175 511 2224 sit,
551 2174 709 2214 abunde
741 2178 850 2226 patet
879 2186 928 2213 ex
957 2174 1055 2214 locis
1085 2186 1185 2225 quos
1215 2175 1446 2226 Draegerus
1474 2177 1515 2215 in

229 2255 331 2295 libro
369 2255 440 2307 qui
477 2254 728 2295 inscribitur:
770 2253 875 2294 Hist.
916 2252 1070 2307 Syntax
1100 2253 1170 2294 der
1198 2253 1287 2295 Lat.
1319 2252 1514 2307 Sprache,

231 2332 320 2374 Vol.
350 2333 418 2373 III
445 2334 471 2385 ξ
498 2334 577 2373 574
605 2337 644 2373 et
673 2333 773 2381 582,
800 2332 1016 2385 permultos
1043 2333 1192 2372 attulit.
1223 2332 1374 2373 Eodem
1403 2334 1516 2374 modo

230 2412 312 2452 Sat.
352 2413 374 2452 I
424 2425 542 2453 versu
593 2414 668 2451 114
711 2412 832 2451 verba
880 2411 1078 2462 „salutato
1118 2411 1235 2451 nido”
1287 2412 1516 2464 significant

233 2490 375 2541 „nidus
412 2502 499 2530 cum
538 2489 773 2539 salutatur'',
816 2495 860 2529 ut
899 2502 975 2529 non
1012 2502 1131 2541 egeas
1159 2490 1425 2542 explicatione
1452 2504 1516 2530 ex-
