1816 2954
839 199 881 230 83

719 375 784 407 VS.
814 376 994 407 193—195.

843 492 897 532 Et
926 494 1025 533 tales
1053 493 1211 545 adspice
1239 505 1380 543 rugae,

330 570 487 622 quales,
519 569 752 610 umbriferos
780 570 849 610 ubi
876 569 1014 623 pandit
1042 570 1252 611 Thabraca
1279 570 1425 619 saltus,

331 649 372 688 in
402 650 538 688 vetula
564 649 706 700 scalpit
733 650 812 688 iam
840 655 965 689 mater
994 651 1109 690 simia
1136 651 1270 690 bucca.

268 785 379 835 Vox,
423 797 526 836 quae
562 789 621 825 est
661 785 822 836 „tales’⁷‚
867 786 908 825 in
948 785 1088 826 mendo
1125 786 1270 826 cubare
1309 786 1372 825 vel
1409 785 1497 825 ideo

214 868 363 904 certum
400 868 480 914 est,
519 863 624 914 quod
667 863 808 914 „talis”
846 868 886 903 et
921 864 1102 914 „tantus”
1133 869 1224 904 ante
1252 876 1368 907 voces
1394 876 1498 915 quae

212 945 306 982 sunt
336 940 516 993 „qualis”
546 945 585 981 et
616 940 836 993 „quantus”
852 954 1004 994 semper
1018 941 1246 982 aIuvenale
1260 942 1498 983 omittuntur

214 1018 366 1072 (confer
394 1018 590 1059 Kiaerum
610 1018 671 1073 1)).
712 1018 912 1060 Scholtius
928 1019 958 1073 ²)
985 1020 1150 1060 coniecit
1180 1020 1363 1072 „turpes”
1392 1032 1496 1071 sper-

212 1110 310 1138 nens
338 1096 497 1138 Heinsii
525 1098 791 1138 coniecturam
830 1097 1004 1149 „aniles”
1048 1103 1183 1151 utpote
1211 1097 1496 1150 quodammodo

213 1178 486 1227 languentem,
517 1176 623 1228 quod
651 1176 754 1216 idem
782 1176 831 1216 de
860 1189 954 1217 voce
985 1177 1167 1229 „turpes”
1198 1176 1277 1217 dici
1305 1180 1444 1229 potest.

271 1253 462 1305 Equidem
502 1254 723 1305 putaverim
760 1254 1052 1293 substantivum
1080 1254 1185 1305 quod
1221 1259 1281 1293 est
1311 1253 1494 1304 „rugas'’‚

211 1346 332 1385 qenere
368 1333 447 1372 iam
481 1332 686 1372 definitum
715 1344 784 1384 per
812 1332 1046 1372 sententiam
1074 1336 1321 1383 sequentem,
1352 1345 1496 1371 numero

212 1410 330 1449 etiam
373 1410 772 1450 circumscribendum
814 1422 898 1450 esse
939 1415 978 1449 et
1020 1410 1248 1460 legendum:
1290 1409 1493 1459 „densas”

213 1486 360 1527 Confer
388 1487 470 1527 Sat.
502 1488 613 1527 XIII
642 1501 698 1528 vs.
728 1489 826 1528 215:
858 1488 1114 1538 „densissima
1141 1500 1243 1539 ruga
1269 1488 1427 1539 cogitur
1453 1488 1495 1526 in

212 1565 418 1606 frontem.''

267 1644 369 1685 Cum
398 1646 634 1685 vocabulum
663 1658 831 1697 sequens
861 1644 918 1698 (in
933 1645 1046 1685 libris
1068 1657 1186 1685 manu
1201 1644 1358 1696 scriptis
1374 1645 1501 1696 vulgo·

214 1736 283 1775 per
314 1723 432 1776 „asp”
463 1723 684 1777 exaratum)
716 1736 785 1776 per
813 1723 967 1764 easdem
995 1724 1148 1763 litteras
1171 1723 1336 1775 incipiat
1349 1723 1496 1774 quibus

214 1801 287 1841 hoc
329 1801 492 1852 desinit,
538 1802 624 1841 fieri
667 1807 794 1854 potest
837 1806 881 1841 ut
923 1801 996 1840 hae
1032 1801 1187 1840 litterae
1226 1800 1330 1850 „as”,
1374 1802 1495 1841 semel

214 1886 367 1920 tantum
396 1882 586 1933 scriptae,
618 1881 800 1921 mendum
830 1879 1061 1932 pepererint.
1101 1879 1310 1919 Librarius
1336 1884 1496 1932 propter

212 1964 442 2010 sequentem
473 1972 605 2000 vocem
636 1958 820 2011 „quales”
851 1958 967 1998 facile
995 1958 1146 1997 invenit
1177 1957 1338 2008 „tales”

709 2100 776 2133 VS.
801 2100 983 2131 225—226.

331 2214 567 2255 Percurram
598 2214 735 2263 citius,
764 2218 860 2265 quot
888 2212 1004 2252 villas
1032 2211 1228 2264 possideat
1257 2225 1380 2261 nunc,

328 2297 407 2344 quo
439 2292 626 2333 tondente
653 2292 789 2344 gravis
816 2291 951 2331 iuveni
979 2290 1077 2330 mihi
1104 2291 1228 2330 barba
1255 2291 1431 2330 sonabat.

259 2443 284 2483 ¹)
308 2442 328 2474 l.
354 2443 374 2474 1.
398 2454 474 2486 pag.
500 2444 571 2476 152.
596 2446 667 2475 not.

256 2500 283 2543 ²)
306 2502 328 2533 l.
352 2502 372 2534 l.
397 2513 472 2545 pag.
497 2501 550 2535 79.
