1816 2954
867 224 912 256 94

242 327 423 379 cunque'’
477 327 583 380 quod
639 332 755 380 poeta
799 340 1016 380 purpuram
1058 328 1205 381 optimc
1249 328 1424 379 noverit3
1468 327 1537 369 sed

243 418 374 444 nonne
426 406 496 444 illa
544 406 666 445 verba
707 406 855 457 optimo
897 406 983 445 iure
1027 406 1151 446 tribui
1195 411 1361 458 possunt
1403 406 1537 447 Marso

244 483 517 535 Hernicoque,
556 484 626 535 qui
663 484 862 535 quondam
892 485 1073 524 solebant
1100 484 1200 524 talia
1230 489 1440 537 praecepta
1468 485 1536 524 mi—

242 561 407 600 noribus
457 561 581 601 dare?
638 560 844 613 Cogitavit
896 567 1011 614 poeta
1058 563 1223 602 fortasse
1266 562 1315 602 de
1358 563 1539 603 versibus

242 640 416 692 Vergilii
449 640 577 680 VIIII
606 643 684 681 614
712 653 798 693 sqq.

751 800 816 831 VS.
843 800 1028 832 248—251.

325 920 432 961 Nota
460 920 751 962 mathematicis
779 921 937 973 genesis
967 926 1056 972 tua;
1087 922 1156 962 sed
1186 935 1309 974 grave
1336 922 1470 963 tardas

322 1004 553 1051 exspectare
583 1000 715 1039 colus:
746 1000 926 1039 morieris
954 1000 1122 1039 stamine
1152 1001 1324 1040 nondum

322 1079 503 1130 abrupto.
536 1078 614 1118 iam
645 1091 752 1119 nunc
780 1080 915 1119 obstas
943 1085 981 1119 et
1010 1084 1103 1120 vota
1131 1080 1318 1129 moraris,

323 1156 399 1196 iam
430 1161 589 1209 torquet
621 1157 805 1197 iuvenem
835 1158 955 1209 longa
983 1163 1022 1198 et
1051 1158 1212 1198 cervina
1240 1162 1432 1198 senectus.

296 1284 576 1323 Infelicissime
616 1283 817 1324 Scholtius
838 1284 865 1337 ¹)
906 1297 977 1337 pro
1017 1284 1189 1337 „grave”
1229 1285 1337 1324 dedit
1378 1284 1536 1335 „cave”

240 1363 385 1403 Totius
429 1364 505 1403 loci
548 1365 656 1403 color
698 1364 738 1403 id
780 1365 959 1416 accipere
1001 1378 1162 1416 prorsus
1207 1377 1278 1404 nos
1322 1370 1438 1403 vetat.
1493 1363 1537 1404 Si

244 1441 414 1493 legimus
455 1440 601 1492 „cave”
643 1442 764 1481 verba
801 1453 903 1494 quae
940 1441 1182 1495 praecedunt
1213 1446 1332 1493 ⁷,nota
1360 1465 1411 1470 —
1440 1441 1535 1482 tua’'

244 1521 302 1559 sic
331 1520 602 1571 intellegenda
630 1526 744 1568 sunt,
775 1526 819 1559 ut
844 1521 948 1571 patri
972 1521 1049 1572 ipsi
1074 1527 1167 1560 nota
1191 1521 1242 1559 sit
1266 1521 1423 1571 genesis
1446 1533 1534 1568 sua,

244 1603 287 1639 ut
317 1604 430 1651 pater
461 1599 502 1638 in
531 1611 624 1639 suos
652 1598 878 1650 inquisierit
907 1611 1042 1639 annos.
1073 1598 1129 1639 At
1159 1598 1249 1638 vide
1276 1611 1393 1651 quam
1424 1598 1537 1638 vehe-

243 1683 395 1717 menter
425 1678 483 1717 ita
507 1678 611 1717 acies
639 1678 857 1717 sententiae
887 1678 1113 1718 hebetetur!
1147 1678 1304 1718 Etenim
1330 1690 1410 1718 non
1428 1683 1538 1730 pater

244 1756 312 1796 sed
341 1756 470 1806 filius,
502 1756 569 1808 qui
601 1756 720 1808 paulo
749 1760 842 1796 ante
869 1755 1016 1796 dicitur
1045 1755 1199 1808 trepido
1228 1755 1417 1807 magistro
1446 1756 1472 1795 i.
1502 1768 1534 1796 e.

242 1836 344 1886 patri
387 1847 464 1874 non
504 1846 695 1886 parsurus
734 1846 838 1882 esse,
884 1834 1181 1873 mathematicos
1218 1834 1429 1874 consuluit.
1483 1834 1537 1873 Et

242 1912 442 1953 consuluit
485 1912 534 1952 de
578 1913 717 1952 funere
759 1912 904 1964 patris:
949 1913 1083 1953 confer
1125 1925 1263 1953 versus
1301 1913 1535 1963 250—2513

241 1989 323 2029 Sat.
364 1989 431 2029 III
468 1991 542 2029 42:
598 1991 744 2040 „funus
787 1989 1015 2041 promittere
1058 1990 1183 2042 patris
1226 2002 1298 2030 1100
1338 1990 1427 2030 volo
1464 2001 1537 2029 nec

240 2082 418 2121 possum3
464 2068 527 2109 VI
566 2069 668 2110 565:
716 2068 912 2119 ⁷⁷consulit
953 2068 1135 2109 ictericae
1172 2069 1279 2110 lento
1316 2068 1365 2110 de
1398 2069 1537 2109 funere

240 2146 423 2195 matris'';
471 2146 590 2187 Ovid.
632 2147 727 2187 Met.
768 2146 789 2186 Ι
830 2148 926 2186 148:
975 2146 1106 2197 „filius
1134 2153 1225 2187 ante
1253 2147 1358 2187 diem
1387 2147 1537 2200 patrios

242 2227 408 2277 inquirit
437 2227 478 2265 in
507 2227 670 2266 annos.''
703 2225 910 2266 Sententia
938 2230 997 2265 est
1012 2227 1158 2277 igitur:
1185 2226 1293 2266 filius
1307 2226 1414 2266 diem
1427 2227 1537 2266 novit

239 2309 330 2344 tuae
370 2304 529 2354 mortis,
568 2303 637 2344 sed
674 2315 799 2355 grave
827 2307 886 2343 est
915 2303 971 2352 ei,
1013 2308 1243 2356 exspectare
1272 2307 1426 2357 tempus
1453 2303 1540 2350 fato>

242 2393 492 2432 concessum;
523 2382 659 2433 itaque
688 2382 869 2421 morieris
896 2381 964 2421 filo
993 2381 1167 2421 nondum
1194 2382 1394 2434 abrupto.-
1427 2439 1432 2442 .

288 2535 314 2575 ¹)
339 2535 361 2565 l.
385 2534 405 2565 l.
431 2544 505 2577 pag.
531 2534 606 2566 102.
