1816 2954
882 179 922 211 21

263 283 399 332 facile,
442 283 599 335 opinor,
643 283 734 323 aliis
776 283 1000 335 relinquent
1042 283 1173 323 omina
1216 287 1255 322 et
1297 295 1406 334 spes,
1437 282 1545 323 dum-

263 361 376 402 modo
412 361 490 401 sibi
527 361 698 401 habeant
736 362 846 402 lucra
882 366 921 401 et
950 374 1023 402 res.
1054 361 1226 402 Leniora
1255 360 1428 401 remedia
1457 373 1545 401 cum

261 451 445 480 successu
482 444 661 490 careant,
692 439 843 480 acriore
870 452 969 493 opus
996 452 1081 480 esse
1110 439 1268 480 videtur
1295 439 1449 480 medela
1477 438 1545 479 cui

261 522 392 557 tamen
429 518 618 570 imparem
651 531 712 558 me
748 530 833 558 esse
870 518 1041 570 ingenue
1078 519 1214 559 fateor.
1259 518 1545 559 Verumtamen

260 595 413 649 aliquid
454 596 672 649 periclitari
713 596 916 638 sustinebo
959 610 1105 638 memor
1147 597 1292 638 nobilis
1335 596 1445 637 illius
1476 595 1544 638 ..in

261 675 415 727 magnis
442 675 637 716 voluisse'’
669 680 708 716 et
735 677 865 728 legam
886 692 894 716 :

421 811 683 864 „Conducunt
711 813 854 853 foricas
881 817 920 853 et
943 826 1015 854 cur
1038 827 1115 854 non
1139 814 1328 854 olfaciant
1351 813 1394 853 hi

421 891 559 942 quales
586 890 700 941 etc.''‚

261 1032 304 1068 ut
346 1028 398 1068 sit
440 1027 655 1068 sententia:
699 1027 742 1067 hi
784 1028 961 1068 homines
999 1028 1082 1067 nati
1115 1028 1156 1067 in
1184 1028 1382 1078 sordibus,
1422 1027 1544 1067 sordi-

258 1106 431 1147 dissimis
472 1107 514 1146 in
558 1107 728 1158 negotiis
769 1106 909 1159 quidni
951 1106 1184 1147 versentur?
1250 1105 1400 1156 Quidni
1439 1118 1545 1146 nunc

261 1185 311 1225 ad
353 1198 506 1226 summa
546 1197 677 1226 rerum
715 1185 876 1237 fastigia
913 1185 1172 1235 adscendant,
1212 1198 1317 1225 nunc
1345 1184 1395 1225 ad
1423 1183 1544 1224 sordi-

259 1263 421 1303 dissima
472 1264 717 1313 relabantur,
770 1276 859 1304 cum
908 1264 1067 1304 fortuna
1117 1264 1239 1303 iocari
1287 1267 1442 1303 tantum
1480 1275 1544 1302 vo-

261 1341 409 1382 luerit?

314 1420 379 1460 De
406 1420 529 1460 verbo
556 1419 746 1471 „olfacio”
777 1420 910 1461 confer
939 1418 1020 1460 Sat.
1052 1419 1134 1459 VII
1162 1420 1252 1459 225.

314 1497 380 1537 De
408 1498 592 1538 iunctura
623 1498 689 1548 „hi
718 1522 769 1527 —
797 1497 959 1549 quales’'
988 1498 1037 1538 cf.
1070 1497 1151 1537 Sat.
1182 1497 1263 1537 XV
1294 1499 1357 1537 65.

783 1694 848 1728 VS.
873 1695 1014 1727 90-91,

402 1808 573 1848 Miratur
601 1821 735 1848 vocem
763 1813 992 1860 angustam,
1022 1820 1102 1859 qua
1129 1807 1303 1849 deterius
1331 1820 1404 1848 nec

400 1886 469 1926 ille
500 1889 634 1936 sonat,
666 1898 745 1938 quo
774 1885 975 1927 mordetur
1002 1886 1155 1938 gallina
1183 1886 1338 1926 marito.

312 2008 490 2049 Maxima
532 2008 750 2049 sententiae
791 2008 853 2049 vis
895 2008 997 2049 inest
1040 2009 1128 2049 voci
1167 2008 1398 2060 „miratur'’‚
1438 2009 1544 2060 quod

257 2088 396 2140 probat
434 2088 587 2140 positus
619 2087 738 2129 huius
776 2088 888 2128 verbi
926 2088 968 2128 in
996 2088 1111 2129 initio
1150 2101 1301 2129 versus.
1330 2088 1422 2129 Vox
1453 2102 1544 2140 „an-

256 2166 441 2220 gustam”
471 2171 609 2208 contra
635 2167 720 2208 sine
748 2167 833 2208 ulla
861 2167 901 2207 vi
930 2167 1058 2221 posita
1086 2172 1145 2208 est
1173 2168 1279 2220 quod
1308 2180 1354 2209 eo
1377 2167 1545 2209 efficitur

259 2246 365 2298 quod
407 2246 590 2298 sequitur
625 2246 919 2287 substantivum
964 2259 1042 2287 non
1080 2247 1299 2299 praecedit,
1349 2247 1463 2288 cuius
1490 2248 1543 2288 lo-

254 2324 402 2377 quendi
429 2337 526 2366 usus
553 2324 659 2378 apud
689 2325 918 2366 Iuvenalem
943 2325 1102 2377 longam
1117 2325 1388 2378 exemplorum
1403 2326 1543 2366 seriem

255 2415 408 2456 possem
461 2404 648 2456 proferre.
706 2403 914 2454 Relativa‚
957 2416 1060 2456 quae
1096 2404 1297 2456 sequitur,
1350 2405 1545 2445 sententia

254 2482 559 2535 explicationem
591 2482 785 2523 >continet
834 2482 953 2523 huius
994 2483 1121 2534 vocis,
1168 2484 1283 2535 quasi
1325 2483 1545 2537 scripsisset
