1816 2954
849 256 891 287 84

280 357 366 397 Hos
404 358 620 398 versiculos
654 358 792 398 abesse
822 358 1041 398 maluerim.
1072 357 1168 398 Post
1197 370 1335 397 versus
1364 369 1518 410 praece-

225 436 377 485 dentes,
418 437 459 476 in
486 437 633 488 quibus
661 441 777 489 poeta
811 437 978 489 pristino
1007 437 1149 476 mentis
1178 436 1315 487 vigore
1344 436 1518 476 cruentis

223 514 338 567 quasi
375 515 609 555 verberibus
646 515 774 555 caedit
816 515 995 555 homines
1023 515 1200 567 impuros
1227 519 1266 555 et
1295 515 1516 567 improbos,

225 594 267 634 hi
304 594 515 634 admodum
554 599 647 634 sunt
687 594 882 646 languidi.
922 594 1091 646 Insuper
1120 607 1176 634 vs.
1208 595 1284 634 226
1314 607 1363 634 ex
1392 593 1520 646 prima

224 678 361 713 satura
390 674 583 725 repetitus
611 678 681 713 est.

279 752 422 804 Longa
450 752 522 792 illa
549 753 793 792 enumeratio
825 750 1044 806 (220-24)
1076 751 1240 792 librario
1260 764 1396 791 ansam
1411 749 1519 790 dedit

224 830 297 871 hos
326 821 464 870 versus
491 830 701 871 conflandi,

736 973 802 1004 VS.
829 973 1014 1004 285—286.

719 1089 852 1141 Igitur
880 1090 1041 1130 fortuna
1070 1089 1196 1142 ipsius
1223 1094 1264 1130 et
1291 1089 1403 1130 urbis

517 1172 717 1209 servatum
746 1168 852 1208 victo
880 1173 999 1221 caput
1029 1168 1207 1209 abstulit.

281 1307 448 1347 Veteres
490 1306 725 1358 interpretes
766 1306 849 1346 fere
892 1318 1027 1346 vocem
1070 1318 1173 1357 quae
1211 1310 1270 1345 est
1310 1304 1518 1356 „fortuna”

227 1385 466 1436 intellegunt
513 1384 562 1424 de
605 1385 709 1424 mala
752 1385 923 1424 fortuna.
983 1383 1113 1433 Quam
1155 1384 1520 1437 interpretationem

227 1462 487 1503 Heinrichius
521 1463 754 1515 vituperans
782 1463 947 1503 verbum
976 1463 1121 1515 accipit
1150 1462 1199 1502 de
1227 1463 1309 1502 fato
1341 1462 1521 1502 variante

226 1555 333 1583 nunc
360 1546 543 1582 servante
568 1554 673 1581 nunc
688 1541 936 1594 deperdente.
969 1541 1162 1581 Neutram
1179 1553 1271 1581 vero
1285 1541 1520 1581 sententiam

226 1621 489 1675 probaverim.
530 1620 633 1661 Nam
662 1621 823 1661 fortuna
851 1619 1030 1673 Pompeii
1059 1620 1156 1660 adeo
1187 1624 1270 1660 erat
1300 1620 1518 1670 celebrata⁷

226 1706 266 1741 et
317 1700 490 1740 felicitas
542 1700 679 1752 populi
724 1700 894 1740 Romani
936 1701 987 1740 ab
1026 1701 1209 1741 omnibus
1245 1701 1327 1740 fere
1364 1700 1521 1740 Latinis

226 1779 489 1831 scriptoribus
517 1778 576 1818 ita
589 1791 743 1831 semper
758 1783 876 1818 aucta
891 1783 930 1818 et
945 1778 1186 1831 amplificata
1201 1783 1278 1827 est,
1296 1783 1340 1818 ut
1356 1778 1520 1818 verbum

227 1863 265 1898 et
295 1858 369 1898 hoc
396 1858 483 1897 loco
513 1857 582 1896 vix
612 1856 660 1896 de
690 1857 771 1896 alia
800 1869 842 1896 re
871 1857 994 1909 possit
1024 1857 1206 1908 intellegi
1221 1869 1340 1908 quam
1354 1856 1403 1896 de
1417 1857 1521 1896 bona

226 1938 397 1977 fortuna.
429 1935 596 1976 Accedit
626 1935 732 1988 quod
762 1936 1000 1976 vocabulum
1033 1935 1296 1986 ‚,servatum”,
1313 1940 1393 1975 tam
1413 1940 1521 1976 arcte

226 2017 481 2057 coniunctum
519 2028 609 2055 cum
646 2027 740 2055 voce
781 2014 1003 2065 „fortuna'⁷‚
1045 2015 1119 2054 tibi
1150 2015 1217 2054 vix
1246 2015 1294 2054 de
1323 2015 1409 2055 eius
1436 2027 1520 2054 sen-

226 2094 352 2135 tentia
380 2093 671 2135 dubitationem
699 2094 874 2146 reliquit.

281 2172 370 2213 Hoc
406 2178 567 2225 accepto
606 2173 696 2212 vide
734 2185 853 2224 quam
891 2176 997 2211 recte
1025 2172 1157 2212 omnia
1185 2171 1418 2223 procedant:
1449 2171 1521 2210 illa

226 2251 405 2305 Pompeii
438 2252 617 2301 fortuna,
658 2251 730 2291 illa
760 2250 896 2304 populi
926 2249 1096 2291 Romani
1124 2250 1293 2291 multum
1322 2250 1522 2291 celebrata

225 2331 397 2371 felicitas
424 2343 515 2371 eum
546 2330 733 2370 servavit.
768 2329 905 2379 Quid?
933 2330 1012 2370 imo
1041 2335 1160 2382 caput
1189 2329 1226 2369 ei
1255 2329 1433 2369 abstulit.

280 2409 328 2449 Id
380 2410 505 2450 multo
556 2409 739 2449 acerbius
790 2408 940 2449 dictum
992 2421 1096 2457 esse,
1147 2408 1350 2460 multoque
1393 2408 1522 2460 magis

225 2491 386 2528 saturae
427 2488 547 2528 huius
589 2487 714 2527 indoli
756 2487 967 2527 convenire
1010 2487 1206 2526 neminem
1244 2486 1383 2538 fugiet.
1427 2485 1521 2526 Sen-

226 2566 374 2607 tentiae
411 2567 513 2606 inest
552 2566 679 2606 ironia
719 2566 782 2606 vel
821 2566 953 2618 potius
981 2578 1204 2606 sarcasmus
1232 2565 1435 2618 aptissime
1463 2578 1519 2605 re-
