1816 2954
248 301 417 329 videbatur:
447 310 543 337 neque
571 301 747 329 Mancinello
775 301 952 329 credendum
979 301 1136 329 affirmanti
1164 301 1261 329 omnia
1292 301 1349 329 iam
1369 310 1434 329 sese
1454 304 1533 330 recte

248 366 372 400 habere,
398 374 493 402 neque
515 365 680 393 Ribbeckio
701 365 788 393 nimis
808 365 904 393 multa
923 365 1073 402 spernenti
1094 367 1123 393 et
1143 365 1279 393 mutanti.
1300 365 1439 393 Ceterum
1454 374 1532 394 com—

248 429 423 457 mentarium
450 430 641 465 perpetuum,
674 429 725 464 qui
755 437 856 456 omnes
883 428 977 456 adiret
1006 428 1209 463 difficultates,
1238 428 1365 456 scribere
1384 429 1415 456 in
1436 428 1533 456 animo

248 502 306 521 non
334 495 414 528 erat,
443 492 493 520 sed
521 492 545 520 si
567 500 643 528 quae
663 492 694 519 in
715 494 873 527 contextu,
904 492 991 520 sicuti
1013 501 1031 520 a
1050 491 1201 520 codicibus
1220 491 1305 519 nobis
1324 491 1451 520 traditus
1471 493 1532 527 est,

247 558 345 585 minus
366 560 447 586 recta
467 557 656 593 videbantur,
678 557 785 594 quibus
806 557 969 586 tractandis
991 557 1067 585 vires
1089 566 1170 585 meae
1190 566 1249 585 non
1270 557 1397 594 impares
1417 558 1532 593 essent,

247 621 283 649 de
312 621 347 649 iis
374 621 538 658 disputavi,
566 629 620 649 nec
647 629 706 648 non
735 621 880 658 opusculo
900 629 964 649 meo
985 620 1095 649 inserui
1116 630 1167 656 ea,
1188 629 1264 657 quae
1285 620 1321 649 ab
1342 621 1408 649 aliis
1428 621 1533 648 melius

247 686 368 722 peiusve
388 685 590 714 demonstrata
610 687 711 721 erant,
733 685 785 713 illa
805 685 929 713 laudans
951 685 1094 722 novisque
1114 685 1299 722 argumentis
1309 693 1397 721 quam
1407 684 1533 713 maxime

247 749 388 784 fulciens,
407 750 479 777 haec
498 749 716 785 reprehendens
739 749 975 785 pravitatemque
995 757 1085 784 quam
1106 749 1233 776 maxime
1253 748 1403 785 detegens.

287 813 407 841 Utinam
428 813 484 840 hae
504 812 669 841 studiorum
690 812 837 848 primitiae
858 821 876 840 a
896 814 943 847 te,
966 812 1089 840 Lector!
1110 811 1250 839 benevole
1270 811 1468 848 accipiantur!

285 876 373 904 Dulci
403 876 500 904 adhuc
531 876 602 903 mihi
629 875 811 912 fungendum
839 878 884 903 est
911 875 1015 904 officio.
1044 875 1219 912 Quanquam
1245 876 1358 911 aliquot
1386 876 1455 903 anni
1476 876 1533 903 iam

246 940 439 976 praeteriere,
469 948 506 967 ex
533 948 592 975 quo
613 939 695 967 vobis
716 940 760 967 uti
782 939 1023 976 praeceptoribus
1044 939 1114 967 mihi
1136 939 1277 976 contigit,
1302 939 1356 966 viri
1378 939 1533 967 clarissimi

245 1005 274 1031 et
302 1002 463 1032 doctissimi
493 1002 627 1038 Hecker,
656 1002 780 1031 Moltzer
807 1005 836 1031 et
866 1002 932 1031 Van
959 1002 1011 1037 der
1033 1002 1149 1040 Wijck!
1177 1002 1297 1031 memori
1318 1004 1416 1031 tamen
1436 1004 1534 1030 mente

245 1068 297 1094 illa
327 1070 462 1103 tempora
494 1067 606 1102 recolo,
637 1076 692 1094 nec
719 1075 851 1103 unquam
877 1067 1036 1095 obliviscar
1061 1069 1204 1103 quantum
1224 1070 1254 1095 et
1274 1076 1399 1103 mag-nae
1418 1069 1534 1094 vestrae

245 1130 403 1159 eruditioni
435 1133 464 1159 et
496 1131 641 1168 singulari
673 1132 790 1159 vestrae
821 1130 1043 1159 benevolentiae
1074 1130 1204 1160 debeam.
1236 1131 1411 1160 Vestrorum
1438 1131 1468 1158 in
1488 1139 1534 1158 me

245 1195 416 1222 meritorum
436 1195 576 1222 memoria
596 1203 747 1230 nunquam
767 1197 917 1230 premetur
937 1195 1099 1222 oblivione!

285 1257 389 1295 Neque
415 1259 445 1285 te
472 1266 531 1286 non
559 1257 722 1293 reminisci,
751 1258 796 1285 vir
824 1258 986 1286 clarissime
1013 1260 1042 1285 et
1063 1257 1260 1286 eruditissime
1279 1258 1450 1287 Francken!
1482 1260 1533 1286 aut

245 1323 289 1350 fas
316 1325 361 1350 est
388 1325 440 1350 aut
469 1325 574 1359 gratus
601 1332 648 1351 me
676 1323 746 1350 sinit
775 1323 899 1351 animus.
928 1323 974 1351 Tu
999 1323 1045 1351 his
1073 1324 1103 1351 in
1129 1323 1237 1351 litteris
1264 1324 1441 1360 praecipuus
1463 1323 1534 1351 mihi

245 1385 410 1413 studiorum
440 1385 501 1413 dux
533 1385 615 1413 fuisti
643 1388 673 1413 et
700 1388 819 1421 auctor,
852 1388 886 1414 tu
913 1386 943 1413 in
971 1386 1038 1414 luce
1066 1386 1179 1414 incerta
1205 1386 1276 1413 mihi
1302 1386 1413 1414 erranti
1441 1385 1534 1413 facem

246 1450 429 1486 praetulisti,
451 1452 485 1477 tu
506 1450 712 1478 benevolentia
732 1451 870 1487 prosequi
892 1459 1042 1487 nunquam
1063 1450 1212 1478 destitisti.
1236 1450 1294 1478 Pro
1308 1450 1389 1477 hisce
1400 1449 1535 1477 onmibus

245 1514 357 1549 gratias
385 1513 439 1541 tibi
467 1516 603 1550 agentem
630 1522 677 1541 me
703 1522 761 1541 non
790 1514 882 1542 veteri
903 1514 1040 1542 instituto
1063 1514 1198 1550 paruisse
1218 1513 1269 1541 sed
1290 1513 1388 1541 animo
1408 1512 1462 1540 tibi
1484 1512 1533 1540 de-

245 1577 344 1605 vincto
365 1577 525 1605 indulsisse
546 1585 721 1614 persuasum
740 1577 856 1605 habeto.
1372 1560 1377 1564 ¹

286 1642 322 1669 Et
351 1643 384 1669 tu
412 1642 483 1669 mihi
517 1641 739 1678 compellandus
768 1650 817 1676 es,
849 1641 893 1668 vir
924 1641 1087 1669 clarissime
1117 1643 1146 1669 et
1177 1641 1346 1669 doctissime
1368 1640 1534 1674 Baehrens,

247 1705 400 1732 Promotor
427 1705 690 1732 aestumatissime!
724 1705 816 1732 Doleo
844 1704 961 1740 quidem
989 1704 1067 1740 quod
1096 1704 1155 1731 tuis
1185 1704 1362 1732 lectionibus
1392 1704 1534 1730 interesse

245 1768 316 1795 mihi
347 1777 406 1796 non
428 1768 528 1803 licuit;
557 1771 758 1796 verumtamen
779 1768 906 1796 multum
928 1768 1046 1796 omnino
1066 1777 1112 1796 me
1133 1768 1239 1796 debere
1261 1770 1330 1795 tuae
1352 1767 1483 1795 comitati
1505 1768 1534 1794 et

247 1832 438 1866 humanitati,
469 1832 612 1867 imprimis
643 1831 801 1858 utilissima
835 1832 926 1858 fuisse
955 1832 1077 1859 consilia
1106 1834 1157 1858 tua
1185 1834 1214 1858 et
1242 1831 1369 1865 monita,
1399 1839 1474 1866 quae
1504 1830 1534 1856 in

244 1896 317 1923 hace
342 1895 549 1923 dissertatione
570 1894 782 1923 conscribenda
799 1894 871 1922 mihi
889 1894 1135 1929 subministrasti,
1160 1897 1193 1922 ut
1215 1894 1320 1923 lubens
1343 1902 1472 1931 agnosco
1494 1893 1534 1921 ita

244 1960 349 1994 gratus
371 1958 519 1994 profiteor.

287 2023 348 2050 Vos
370 2031 486 2058 omnes,
509 2022 563 2050 viri
586 2021 757 2050 clarissimi!
780 2022 898 2058 publice
919 2022 1070 2059 accipiatis
1093 2022 1179 2050 velim
1202 2021 1385 2050 reverentiae
1405 2029 1486 2049 meae
1504 2023 1533 2048 et

245 2087 379 2123 obsequii
402 2086 655 2123 significationem.
