1816 2954
910 204 953 236 92

274 306 373 346 mihi
409 307 540 359 placet
580 306 793 357 „calidus’'‚
835 306 941 359 quod
979 307 1174 360 imprimis
1202 307 1252 347 ad
1281 307 1482 348 horrorem
1510 307 1567 348 in-

274 385 502 426 cutiendum
543 391 581 425 et
622 385 931 426 misericordiam
974 385 1207 426 movendam
1251 387 1368 427 valet.
1419 385 1567 427 Sensus

274 464 351 504 loei
380 470 463 504 tum
493 469 573 504 est:
607 463 786 515 „calidus
814 476 864 503 ex
894 476 1056 516 corpore
1084 469 1225 505 trunco
1253 464 1381 505 fluens
1403 465 1568 517 sanguis

275 542 473 582 invidiosa
499 542 611 581 dabit
640 543 822 582 solatia.''
854 542 920 582 De
950 543 1070 583 verbo
1089 542 1292 594 „calidus”
1309 543 1569 584 conferendus

275 625 334 661 est
364 620 486 673 Verg.
516 620 617 660 Aen.
650 619 780 661 VIIII
808 623 909 671 414,
939 622 1030 661 423.

672 1013 694 1051 S
724 1013 750 1053 A
779 1015 805 1053 Τ
833 1013 863 1053 U
893 1014 920 1053 R
950 1013 976 1053 A
1030 1013 1177 1053 XIIII.

806 1187 872 1220 VS.
898 1186 1037 1220 82-85.

394 1304 443 1344 In
471 1305 577 1345 saltu
607 1309 803 1345 venantur
832 1317 947 1354 aves,
978 1304 1072 1345 hine
1100 1304 1247 1357 praeda
1274 1304 1398 1345 cubili

394 1383 576 1435 ponitur:
607 1383 700 1423 inde
727 1388 861 1424 autem
889 1396 978 1423 eum
1008 1395 1050 1423 se
1078 1387 1235 1423 matura
1262 1383 1412 1423 levavit

394 1461 622 1514 progenies,
653 1461 883 1502 stimulante
911 1462 1015 1502 fame
1043 1461 1204 1502 festinat
1232 1461 1282 1501 ad
1310 1461 1441 1512 illam,

393 1554 513 1593 quam
543 1541 714 1593 primum
744 1540 930 1593 praedam
960 1545 1076 1593 rupto
1104 1545 1337 1593 gustaverat
1365 1554 1450 1582 ovo.

331 1683 557 1724 Admodum
585 1682 804 1735 probabilis
832 1687 891 1722 est
919 1682 1166 1723 Laehmanni
1181 1683 1406 1724 coniectura
1422 1682 1567 1735 „haee”

276 1763 487 1804 scribentis
525 1775 596 1815 pro
638 1761 780 1813 „hinc”
824 1761 897 1815 (vs.
938 1762 1020 1815 82).
1064 1762 1210 1803 Melius
1248 1763 1349 1804 illud
1386 1763 1570 1804 convenit

276 1853 366 1882 eum
402 1840 662 1893 sequentibus
691 1840 824 1880 verbis
855 1840 930 1891 „ad
959 1840 1115 1892 illam'’;
1151 1846 1289 1881 eontra
1318 1854 1395 1882 vox
1426 1840 1568 1892 „hinc”

276 1924 437 1973 propter
490 1919 631 1970 „inde”
680 1919 786 1971 quod
828 1919 1028 1972 sequitur,
1072 1920 1258 1960 lectorem
1300 1925 1569 1960 transversum

275 1999 373 2050 agit.
418 1997 498 2038 Hie
534 1998 653 2039 simul
682 2011 842 2039 eausam
870 1998 1111 2051 deprendes,
1147 2010 1227 2050 qua
1258 1997 1402 2049 „haee”
1433 1997 1569 2051 depra-

276 2081 413 2117 vatum
455 2081 536 2117 est:
590 2076 781 2117 librarius
828 2089 968 2129 nempe
1011 2081 1172 2129 propter
1215 2076 1356 2127 „inde”
1399 2076 1570 2117 mutavit

278 2155 425 2209 „haee”
456 2155 570 2197 cuius
599 2155 757 2196 litterae
785 2155 933 2196 fuerint
961 2155 1067 2196 leetu
1095 2154 1346 2196 difficiliores.

785 2318 850 2351 VS.
877 2319 1060 2351 105—106.

331 2436 409 2477 Sed
438 2440 551 2489 pater
579 2436 621 2476 in
650 2448 791 2486 eausa,
822 2436 887 2477 eui
915 2436 1084 2489 septima
1111 2448 1292 2489 quaeque
1321 2436 1399 2477 fuit
1425 2436 1521 2498 lux*

330 2517 478 2568 ignava
506 2521 545 2556 et
574 2520 726 2568 partem
756 2516 862 2556 vitae
891 2529 969 2556 non
998 2516 1133 2567 attigit
1161 2516 1297 2556 ullam.
