1816 2954
866 193 910 226 18

296 298 598 350 Heinrichius1)
646 298 797 349 aliique
833 310 889 338 vs.
930 300 1004 338 161
1044 298 1101 338 ita
1137 298 1447 349 interpretantur
1485 301 1558 337 ut.

240 381 419 417 statuant
450 380 542 416 ante
580 387 793 428 pronomen
820 376 1032 416 relativum
1060 376 1246 416 omissum
1274 387 1359 415 esse
1387 374 1529 426 geniti-

241 470 343 518 vum⁸
362 455 685 505 demonstrativi,
715 455 786 495 sed
814 459 859 495 ut
887 459 1043 495 exstent
1071 455 1168 504 loci,
1210 454 1253 494 in
1280 454 1427 506 quibus
1455 454 1529 494 hoc

239 536 389 575 factum
431 535 503 582 sit,
547 538 678 574 tamen
722 546 801 573 non
825 533 1060 574 crediderim
1087 534 1129 573 in
1157 533 1231 573 hoc
1258 533 1344 573 loco
1374 536 1528 584 poetam

239 613 452 654 indulsisse
489 612 641 665 ellipsi‚
680 624 762 664 qua
799 613 992 653 sermonis
1029 613 1291 665 perspicuitas
1320 612 1418 652 mire
1448 616 1529 651 tur-

238 692 420 741 baretur,
473 692 705 744 praesertim
756 703 846 732 cum
898 696 980 732 tam
1032 692 1112 732 leni
1154 691 1373 732 mutatione
1415 702 1530 731 omne

237 771 470 823 ambignum
497 766 659 823 prorsus
686 771 827 811 tollere
841 775 973 823 posset
987 771 1219 812 scribendo:
1253 768 1381 822 „Cum
1397 770 1530 810 veniet

237 855 375 891 contra
410 850 539 901 digito
570 862 772 902 compesce
804 850 1014 890 labellum:
1044 855 1251 890 accusator
1274 850 1350 889 erit
1378 849 1414 889 si
1445 861 1529 888 ver-

237 929 333 969 bum
368 928 519 968 dixeris
555 928 621 968 hic
648 928 745 978 est''‚
784 932 829 968 ut
856 928 1077 969 Teuffelius
1104 934 1209 969 recte
1241 929 1404 969 monuit.
1446 928 1528 969 Ru-

236 1006 390 1058 pertius
417 1006 541 1046 verba
570 1005 661 1057 „hic
687 1005 770 1046 est'’
799 1005 941 1046 tribuit
969 1005 1193 1058 Tigellino,
1223 1006 1293 1047 sed
1320 1006 1527 1046 manifesto

236 1084 393 1124 fallitur
441 1083 628 1135 quoniam
674 1096 724 1123 ex
769 1083 1097 1136 praecedentibus
1136 1084 1288 1135 „digito
1326 1096 1526 1136 compesce
1602 1093 1604 1096 ’

235 1162 451 1204 labellum''
490 1166 625 1216 aperte
662 1163 791 1203 elucet
827 1163 900 1203 illa
937 1163 1060 1203 verba
1096 1175 1181 1203 esse
1217 1162 1522 1203 interlocutoris.

235 1242 347 1283 Fieri
379 1246 512 1283 tamen
548 1247 677 1294 potest
712 1246 758 1282 ut
784 1242 1025 1294 significatio
1053 1243 1263 1282 verborum
1294 1247 1524 1293 „accusator

235 1321 336 1361 erit''
361 1321 556 1361 translata
582 1321 645 1361 sit.

668 1664 976 1705 SATURA
1023 1665 1082 1705 II.

796 1804 863 1835 VS.
888 1805 961 1835 109.

388 1916 542 1956 Maesta
569 1929 641 1956 nec
668 1916 836 1956 Actiaca
863 1916 957 1955 fecit
985 1914 1199 1967 Cleopatra
1225 1915 1375 1955 carina.

288 2052 424 2092 Verba
458 2052 650 2103 „Actiaca
678 2052 837 2092 carina’'
867 2066 946 2092 non
974 2065 1064 2092 cum
1093 2051 1265 2092 Webero
1277 2050 1307 2104 2)
1339 2051 1521 2091 habenda

232 2135 327 2172 sunt
367 2131 446 2171 abl.
489 2143 632 2171 causae
669 2130 738 2172 sed
775 2130 938 2171 locativi
974 2146 1024 2187 Τ.-
1053 2130 1119 2182 „in
1146 2128 1313 2170 Actiaca
1342 2128 1486 2170 carina’
1499 2128 1522 2180 ’‚

233 2223 325 2250 nam
367 2214 483 2262 poeta
524 2209 677 2250 inducit
714 2210 875 2262 reginas
903 2214 947 2250 ut
976 2208 1176 2250 Othonem
1204 2209 1353 2249 bellum
1383 2221 1524 2260 geren-

232 2293 312 2340 tes,
356 2289 472 2341 quia,
521 2293 566 2329 ut
603 2289 845 2342 comparatio
882 2292 988 2329 recte
1024 2300 1068 2328 se
1104 2287 1229 2340 possit
1271 2287 1437 2337 habere,
1481 2287 1523 2326 in

280 2441 306 2483 1)
330 2441 496 2480 Heinr.,
519 2440 594 2474 Iuv.
620 2440 688 2471 Sat.
715 2439 790 2472 Vol.
815 2440 870 2480 Π,
897 2450 972 2482 pag.
997 2440 1051 2471 85.

279 2500 306 2543 ²)
330 2499 386 2532 W.
412 2499 441 2531 E
478 2498 649 2538 Weber,
675 2498 740 2530 Die
764 2498 896 2530 Satiren
920 2498 979 2530 des
1002 2498 1190 2537 Iuvenalis,
1214 2508 1290 2545 pag.
1311 2498 1362 2529 17.
