1816 2954
862 191 907 223 23

229 295 532 353 praecedentis:
579 295 841 346 ingenuorum
886 295 994 335 filius
1030 294 1125 335 colit
1164 306 1322 334 servum
1363 293 1530 334 divitem

243 374 355 413 1111113
389 373 469 413 alia
508 373 652 413 ductus
692 385 812 414 causa
853 374 930 413 nisi
966 373 1071 425 quod
1111 373 1180 413 ille
1219 372 1426 425 praedives
1456 377 1527 412 est.

245 450 333 490 Hoc
359 451 416 490 ita
442 462 527 491 esse
554 462 667 490 nemo
695 463 773 491 non
800 451 918 490 videt.
950 450 1090 491 Omnis
1113 451 1217 490 enim
1241 451 1527 490 sententiarum

243 529 493 570 cohaerentia
529 529 577 569 de
611 529 928 570 adulescentibus
963 530 1140 582 prodigis
1168 534 1206 569 et
1234 529 1438 570 dissolutis
1468 542 1529 579 co-

243 608 372 660 gitare
411 620 483 648 nos
511 612 629 648 vetat.
668 607 791 649 Poeta
818 609 999 662 exempla
1027 609 1174 661 profert
1204 608 1351 660 quibus
1380 608 1528 660 perspi-

244 699 361 726 cuum
397 686 536 726 reddat
573 687 725 727 nobiles
764 688 1036 739 ingenuosque
1078 700 1203 739 aeque
1245 700 1292 727 ac
1335 699 1528 739 pauperes

242 765 484 817 clientesque
520 764 647 805 officia
673 771 871 817 praestare
898 766 1091 806 divitibus
1118 770 1158 806 et
1187 765 1325 805 beatis.

746 921 810 955 Vs.
837 923 1020 955 199—201.

677 1035 856 1075 tabulata
883 1035 957 1075 tibi
980 1035 1059 1076 iam
1086 1036 1205 1076 tertia
1232 1036 1409 1076 fumant:

351 1118 394 1153 tu
422 1114 568 1164 nescis;
598 1126 687 1153 nam
715 1114 749 1154 si
776 1114 967 1165 gradibus
994 1114 1212 1166 trepidatur
1240 1115 1291 1154 ab
1323 1114 1433 1164 imis,

350 1191 515 1231 ultimus
540 1191 694 1232 ardebit
722 1203 839 1244 quem
867 1192 1003 1244 tegula
1029 1193 1114 1232 sola
1142 1197 1278 1233 tuetur
1306 1196 1379 1232 etc.

297 1313 498 1354 Scholtius
511 1313 540 1366 ¹)
584 1327 641 1354 vs.
693 1315 771 1354 200
813 1314 927 1355 eiecit
966 1319 1145 1355 statuens
1178 1315 1526 1356 ratiocinationem

243 1404 328 1432 esse
350 1392 556 1444 frigidam,
581 1392 815 1444 particulam
837 1404 940 1443 quae
958 1397 1018 1432 est
1040 1392 1177 1444 „nam”
1202 1393 1355 1433 nullam
1381 1393 1524 1433 afferre

243 1483 403 1511 causam
440 1475 480 1510 et
506 1471 741 1511 sententiam
769 1470 1072 1510 conditionalem
1099 1483 1177 1511 non
1206 1471 1426 1511 convenire.
1472 1471 1528 1511 At

244 1548 335 1589 vide
384 1560 503 1600 quam
544 1548 681 1589 efficax
723 1548 775 1588 sit
815 1548 886 1588 illa
926 1548 1181 1601 apostrophe:
1238 1553 1307 1600 „tu
1349 1548 1526 1589 nescis!’'

244 1627 374 1677 Quam
401 1629 544 1668 acerba
570 1628 642 1667 illa
667 1627 862 1667 sententia
883 1627 1072 1667 causalis!
1103 1626 1234 1676 Quam
1257 1627 1308 1667 ad
1332 1632 1523 1667 terrorem

242 1706 381 1747 lectori
422 1705 693 1747 incutiendum
734 1705 846 1758 apta!
892 1704 980 1745 Hoc
1020 1704 1125 1745 enim
1167 1705 1255 1745 vult
1297 1709 1435 1758 poeta:
1480 1710 1526 1746 tu

243 1785 391 1833 nescis,
434 1797 525 1823 nam
566 1785 601 1823 si
642 1784 833 1834 gradibus
870 1783 1092 1835 trepidatur
1129 1784 1180 1822 ab
1219 1784 1311 1823 imis
1348 1784 1374 1822 i.
1413 1796 1446 1823 e.
1493 1785 1528 1823 si

243 1862 346 1901 imae
381 1860 538 1901 aedium
572 1864 704 1913 partes
739 1860 906 1900 flammis
945 1860 1237 1913 corripiuntur,
1278 1865 1323 1900 tu
1362 1860 1528 1901 ultimus

244 1940 419 1990 ardebis;
458 1952 506 1979 ac
532 1939 567 1978 si
593 1939 777 1979 dixisset:
807 1943 852 1978 tu
880 1939 1027 1988 nescis,
1057 1951 1148 1977 nam
1181 1938 1407 1978 incendium
1433 1951 1528 1978 non-

243 2017 338 2058 dum
383 2022 425 2057 at
471 2021 510 2057 te
562 2017 758 2070 pervenit,
813 2021 853 2056 te
903 2015 1077 2056 nondum
1114 2028 1136 2056 e
1179 2028 1315 2056 somno
1352 2016 1528 2057 excitare

244 2096 373 2148 potuit
400 2120 451 2125 —
479 2108 606 2148 neque
635 2095 810 2135 homines
837 2099 876 2134 te
905 2099 1056 2135 curant.

801 2250 867 2283 VS.
892 2251 965 2282 218.

396 2359 752 2400 Phaecasianorum
779 2362 914 2398 vetera
940 2361 1170 2398 ornamenta
1196 2357 1372 2398 deorum.

291 2497 317 2539 ¹)
341 2497 360 2528 l.
387 2497 407 2528 l.
433 2506 507 2539 pag.
532 2496 583 2528 27.
