1816 2954
774 431 840 463 VS.
865 433 1049 464 150—153.

345 559 456 600 Haec
484 560 541 600 ibi
569 560 604 600 si
633 573 713 599 non
744 565 856 609 sunt,
891 560 1019 599 minor
1042 565 1173 600 exstat
1196 561 1437 612 sacrilegus,
1463 560 1534 611 qui

346 637 460 678 radat
487 638 664 679 inaurati
693 639 822 679 femur
852 637 1040 679 Herculis
1069 643 1109 679 et
1136 638 1278 680 faciem
1306 638 1433 691 ipsam

346 715 545 767 Neptuni,
575 717 646 767 qui
675 717 910 756 bratteolam
938 717 988 756 de
1016 716 1181 756 Castore
1211 717 1351 756 ducat:

344 807 396 835 an
424 794 600 846 dubitet,
630 794 772 836 solitus
800 799 926 836 totum
955 793 1127 836 conflare
1155 793 1385 836 tonantem?

317 936 461 990 Mayor
479 937 508 990 ¹)
555 949 690 978 vocem
736 937 928 989 „solitus”
974 938 1015 978 in
1059 937 1200 979 mendo
1237 938 1384 979 cubare
1421 942 1558 991 putat,

263 1015 451 1066 quoniam
487 1014 575 1054 fieri
612 1028 691 1055 non
729 1016 872 1068 possit,
913 1020 958 1055 ut
987 1016 1041 1065 is,
1082 1016 1153 1067 qui
1181 1017 1323 1057 solitus
1351 1016 1404 1056 sit
1432 1021 1561 1056 totum

263 1093 434 1133 conflare
462 1098 685 1143 tonantem,
717 1099 881 1135 vocetur
911 1095 1064 1145 „minor
1082 1094 1339 1146 sacrilegus.⁷'
1372 1094 1561 1134 Laudans

263 1176 396 1212 autem
426 1171 634 1213 Valesium
666 1172 884 1224 „stolidus”
915 1173 1174 1213 oonioientem
1194 1173 1271 1213 sibi
1287 1186 1365 1213 non
1381 1177 1561 1213 constare

264 1251 361 1291 mihi
391 1251 569 1301 videtur,
599 1252 787 1304 quoniam
815 1251 1049 1302 difficultas,
1066 1264 1186 1303 quam
1200 1252 1286 1292 loeo
1301 1252 1430 1292 inesse
1444 1251 1557 1300 dicit,

262 1329 338 1370 hac
365 1330 593 1370 coniectura
620 1342 699 1370 non
727 1330 893 1370 tollitur.
930 1329 1010 1378 Qui
1040 1330 1145 1369 enim
1172 1344 1242 1369 non
1269 1330 1403 1369 dubitat
1433 1334 1561 1369 totum

263 1408 434 1448 conflare
463 1413 685 1457 tonantem,
717 1422 795 1448 non
816 1410 944 1460 magis
959 1409 1037 1449 dici
1053 1413 1181 1461 potest
1197 1409 1324 1448 minor
1338 1409 1561 1459 sacrilegus

262 1498 382 1538 quam
410 1486 481 1539 qui
510 1487 633 1526 solitus
660 1493 720 1526 est.
753 1485 943 1526 Maiorem
972 1487 1142 1526 salutem
1162 1487 1276 1526 affert
1297 1486 1558 1538 „solitumst''‚

262 1566 369 1617 quod
397 1566 483 1617 ipse
511 1566 725 1616 legendum
753 1566 978 1617 proposuit,
1009 1566 1123 1605 ouius
1151 1566 1249 1605 haec
1268 1570 1327 1605 est
1342 1565 1559 1605 sententia:

262 1656 314 1683 an
351 1642 526 1693 dubitet,
567 1655 657 1683 eum
696 1641 1008 1693 animadvertat,
1048 1643 1149 1683 alios
1177 1643 1316 1683 solitos
1345 1654 1430 1683 esse
1457 1647 1562 1683 totas

262 1726 416 1761 statuas
444 1720 646 1761 conflare?

316 1799 372 1840 At
414 1799 653 1841 coniecturis
691 1811 770 1839 non
809 1811 908 1851 opus
946 1811 1030 1839 esse
1068 1798 1237 1839 videtur.
1283 1797 1418 1839 Verba
1456 1810 1559 1851 quae

261 1884 356 1919 sunt
396 1879 548 1930 „minor
585 1877 832 1929 saorilegus'’
872 1878 1100 1929 significare
1138 1878 1287 1928 furem,
1326 1878 1396 1929 qui
1424 1877 1560 1917 eadem

262 1957 449 2010 cupidine
476 1956 546 1997 sed
575 1956 728 1996 minore
758 1956 900 1996 effectu
930 1956 1085 1996 furetur
1113 1961 1145 2009 (ὁ
1169 1964 1297 2009 σμικρὸν
1320 1959 1460 1995 κλέπτων
1474 1960 1561 2008 ἔρωτι

261 2044 318 2088 μὲν
352 2043 457 2088 ταύτῷ
491 2037 625 2086 δυνάμει
660 2036 696 2073 δὲ
730 2038 868 2074 ἐλάττονι
907 2037 1070 2088 κέκλοφεν)
1103 2038 1187 2073 tum
1216 2046 1264 2073 ex
1293 2046 1339 2073 eo
1369 2034 1558 2082 efficitur,

261 2114 368 2165 quod
397 2119 513 2165 poeta
541 2113 644 2152 dixit
677 2113 918 2163 „sacrilegos
947 2116 1103 2151 exstare
1132 2112 1322 2161 minores,
1357 2113 1441 2151 haec
1472 2111 1560 2165 (illa

262 2190 424 2243 pocula,
463 2190 587 2240 dona,
628 2189 808 2242 coronas)
848 2190 897 2228 ibi
934 2190 964 2228 si
1001 2202 1071 2228 non
1109 2188 1227 2238 sunt''‚
1264 2193 1349 2228 tum
1387 2201 1437 2228 ex
1475 2194 1559 2229 tota

260 2268 547 2309 sententiarum
584 2268 857 2317 cohaerentia,
904 2280 1007 2319 quae
1050 2267 1099 2307 de
1141 2267 1360 2307 levioribus
1402 2267 1559 2308 delictis

262 2348 438 2400 cogitare
466 2360 538 2388 nos
567 2360 646 2388 non
675 2346 783 2388 sinit.

310 2544 335 2584 ¹)
360 2544 379 2575 l.
405 2544 424 2575 l.
451 2554 524 2586 pag.
550 2543 624 2575 274.
