1816 2954
873 186 917 219 33

250 290 434 340 frequens
476 294 559 329 erat
595 294 640 330 ut
676 302 819 340 „nuces
853 289 1100 341 relinquere''
1141 289 1244 329 idem
1288 294 1390 329 esset
1431 289 1536 341 quod

252 380 298 419 „e
340 368 473 420 pueris
515 354 741 408 excedere.''
784 367 895 420 Ergo
936 368 1007 408 ubi
1044 380 1171 408 sermo
1204 373 1264 408 est
1301 367 1350 408 de
1378 379 1538 408 munus-

248 446 350 486 culis
377 459 498 497 puero
525 446 685 497 dandis,
715 448 749 487 si
778 459 898 487 nuces
927 447 1077 495 absint,
1109 441 1388 487 desideremus.

248 558 250 560 .
303 521 493 575 Ovidius,
533 524 750 575 Martialis,
786 524 947 566 Persius
988 523 1087 579 (Sat.
1127 525 1148 564 I
1187 538 1243 565 vs.
1287 524 1351 579 10)
1389 525 1438 565 de
1466 525 1536 565 illo

248 603 343 643 ludo
370 604 607 643 mentionem
635 604 797 644 faciunt.

302 681 367 722 De
408 682 600 734 „nucibus
639 694 803 734 asseque
839 682 1002 734 rogato''
1040 682 1300 723 conferendus
1337 687 1397 723 est
1425 683 1535 723 locus

246 760 316 811 qui
344 761 545 800 invenitur
572 760 677 812 apud
706 759 893 800 Senecam
917 760 1051 801 Const.
1078 760 1169 813 Sap.
1198 763 1248 801 12
1272 763 1298 813 ξ
1323 763 1348 801 2
1371 761 1534 815 (allatus

246 851 270 878 a
297 837 398 878 Iohn
427 837 568 892 Mayor
595 838 636 877 in
665 838 767 879 libro
795 839 865 890 qui
894 839 1125 880 inscribitur
1150 839 1368 891 „Thirteen
1383 838 1534 880 Satires

246 916 290 955 of
313 915 545 969 Iuvenal'’):
577 928 681 966 „non
708 916 797 955 ideo
825 916 1043 967 quidquam
1070 918 1175 956 inter
1197 918 1288 957 illos
1312 930 1533 969 puerosque

245 994 433 1034 interesse
470 994 560 1044 quis
597 993 758 1043 dixerit,
798 994 904 1045 quod
933 995 1015 1034 illis
1043 987 1219 1035 talorum*
1240 1007 1465 1047 nucumque
1492 1000 1532 1035 et

245 1070 347 1110 aeris
380 1070 523 1111 minuti
560 1071 730 1111 avaritia
767 1076 846 1121 est,
886 1072 948 1112 his
985 1073 1073 1112 auri
1112 1073 1384 1124 argentique.''

299 1149 415 1198 Quod
461 1150 558 1190 dicit
611 1148 811 1191 Scholtius
852 1150 900 1190 de
942 1150 1098 1192 defectu
1135 1152 1241 1191 omni
1279 1151 1530 1205 symmetriae

242 1227 327 1268 sive
353 1227 634 1280 congruentiae
662 1227 759 1267 mihi
787 1228 915 1268 levius
943 1241 1028 1269 esse
1056 1229 1225 1268 videtur.

745 1393 812 1427 VS.
837 1392 1019 1426 147—148.

348 1506 512 1547 Boletus
538 1506 714 1557 domin03
745 1505 813 1547 sed
841 1506 980 1558 quales
1007 1504 1201 1546 Claudius
1228 1506 1311 1546 edit

347 1589 439 1624 ante
465 1585 581 1625 illum
609 1585 764 1634 uxoris,
794 1589 882 1636 post
910 1597 1028 1636 quem
1055 1585 1113 1623 nil
1140 1585 1312 1636 amplius
1341 1585 1434 1624 edit.

292 1706 481 1748 Graviter
517 1707 671 1747 fallitur
708 1706 965 1747 Heinrichius
1002 1707 1060 1746 sic
1097 1719 1307 1747 enarrans:
1347 1707 1525 1758 „utinam

238 1787 358 1826 talem
381 1785 513 1826 ederet
536 1786 693 1838 qualem
718 1783 911 1825 Claudius
935 1784 1098 1835 edisset,
1139 1797 1228 1825 cum
1257 1786 1524 1826 moreretur!'’

238 1864 378 1904 Talem
428 1877 587 1904 sensum
640 1864 771 1904 verbis
813 1863 940 1903 inesse
982 1876 1143 1915 prorsus
1185 1863 1410 1915 negandum
1453 1869 1524 1904 est.

239 1942 328 1984 Hoc
378 1944 412 1984 si
463 1943 654 1983 voluisset
696 1946 831 1995 poeta,
879 1946 985 1981 certe
1027 1941 1204 1993 apertius
1245 1941 1522 1993 significasset.

238 2022 361 2063 Facio
411 2035 500 2063 cum
553 2021 765 2062 Weidnero
779 2023 810 2070 ¹)
864 2020 969 2060 hunc
1009 2020 1140 2061 locum
1181 2021 1239 2060 sic
1280 2021 1524 2073 explicante:

240 2100 464 2152 „natiirlich
500 2100 604 2140 feine
640 2099 721 2140 und
762 2098 1082 2151 ungefahrliche‚
1124 2099 1201 2139 wie
1237 2099 1296 2139 sie
1332 2097 1527 2140 Claudius

236 2184 345 2220 sonst
372 2192 423 2220 zu
451 2191 563 2219 essen
590 2178 737 2231 pflegte
764 2178 837 2218 ehe
865 2190 908 2217 er
936 2190 997 2224 am
1027 2178 1173 2217 letzten
1201 2177 1359 2218 starb!'’
1391 2177 1526 2219 Irouia

236 2262 367 2298 tamen
395 2258 529 2298 verbis
556 2269 635 2297 non
662 2257 783 2304 inest,
813 2260 858 2296 ut
887 2255 951 2296 W.
982 2255 1193 2296 contendit.

283 2394 309 2436 ¹)
332 2395 352 2426 l.
378 2395 417 2434 1.,
443 2405 515 2436 pag.
543 2395 614 2425 114.
