1816 2954
845 256 889 288 86

219 363 297 397 est:
345 357 575 410 „splendide
618 357 753 398 vivere
797 357 838 397 in
878 356 1016 398 Rutilo
1055 357 1219 398 luxuria
1256 362 1441 410 vocatur,
1472 358 1513 399 in

220 437 410 475 Ventidio
449 437 651 475 laudabile
680 449 822 476 nomen
851 437 1008 476 sumit.'’
1055 437 1196 487 Itaque
1224 438 1334 477 locus
1362 439 1513 477 nullam

220 515 340 557 habet
368 515 652 557 difficultatem.

632 912 942 952 SATURA
1002 912 1101 952 XII.

751 1091 819 1123 VS.
846 1093 984 1123 10—14,‚

338 1237 381 1277 Si
412 1250 475 1277 res
503 1239 636 1289 ampla
664 1238 772 1277 domi
800 1238 1021 1288 similisque
1049 1238 1256 1277 affectibus
1284 1241 1405 1284 esset,

337 1316 525 1367 pinguior
555 1315 745 1367 Hispulla
773 1316 999 1355 traheretur
1029 1320 1168 1355 taurus
1196 1319 1234 1354 et
1264 1315 1351 1366 ipsa

338 1395 440 1434 mole
469 1395 583 1446 piger
611 1407 683 1434 nee
712 1394 882 1434 finitima
914 1394 1088 1433 nutritus
1118 1394 1159 1433 in
1189 1394 1331 1441 herba,

337 1472 442 1512 laeta
470 1472 539 1512 sed
569 1472 780 1512 ostendens
812 1471 1006 1512 Clitumni
1037 1485 1184 1524 pascua
1213 1471 1377 1522 sanguis

336 1552 413 1591 iret
442 1557 514 1591 etc.

275 1694 455 1734 Verbum
506 1693 719 1744 „sanguis”
765 1694 974 1733 manifesto
1018 1697 1248 1744 corruptum
1291 1695 1361 1731 est.
1416 1690 1517 1740 Quis

220 1772 390 1817 diceret:
421 1771 588 1821 sanguis
616 1771 791 1809 nutritus
821 1771 861 1809 in
891 1770 1014 1809 herba
1043 1770 1253 1810 ostendens
1282 1781 1430 1821 pascua
1457 1768 1517 1807 it?

221 1850 389 1902 Insuper
427 1849 649 1889 subiectum
691 1861 768 1888 non
798 1848 1065 1888 desideratur:
1106 1849 1228 1888 verba
1256 1847 1353 1888 haec
1380 1848 1517 1898 legens

222 1941 334 1968 nemo
368 1941 446 1968 non
478 1927 635 1979 putabit
666 1928 738 1966 illa
767 1927 978 1979 participia
1008 1939 1092 1966 esse
1121 1926 1326 1965 referenda
1354 1926 1404 1965 ad
1433 1930 1517 1965 tau-

221 2019 321 2046 rum.
380 2006 522 2058 Itaque
576 2010 716 2045 taurus
763 2005 913 2056 ubique
955 2005 1176 2045 subiectum
1219 2017 1304 2044 esse
1347 2004 1515 2043 videtur.

222 2084 428 2134 Quomodo
459 2085 524 2124 hic
552 2084 724 2124 ostendit
756 2096 930 2135 „pascua
958 2084 1064 2122 laeta
1088 2082 1338 2122 Clitumni’'?
1376 2081 1518 2122 Colore

220 2177 304 2204 suo.
346 2163 496 2204 Notum
525 2167 585 2203 est
614 2162 804 2203 candidos
833 2167 969 2202 tauros
998 2161 1039 2201 in
1068 2160 1129 2202 Ol.
1161 2161 1318 2213 pascuis
1347 2160 1519 2201 nutritos

220 2244 364 2293 fuisse,
409 2243 556 2294 quibus
593 2242 824 2294 saepissime
863 2241 913 2281 ad
952 2254 1066 2281 sacra
1103 2240 1285 2280 facienda
1313 2245 1518 2279 uterentur

222 2322 392 2362 Romani
425 2321 563 2374 (Verg.
595 2320 715 2361 Geor.
749 2320 791 2359 ΙΙ
826 2319 933 2372 146).
966 2318 1148 2359 Colorem
1177 2319 1291 2358 illum
1321 2319 1362 2357 vi
1391 2330 1518 2369 aquae

220 2401 398 2440 fluminis
427 2400 536 2440 nasci
565 2400 770 2451 putabant.
820 2398 927 2447 Quid
957 2399 1120 2447 mirum,
1151 2398 1185 2437 si
1214 2402 1347 2437 noster
1375 2397 1449 2436 hoc
1476 2397 1518 2436 in

220 2492 337 2520 suum
367 2492 484 2519 usum
512 2478 772 2528 converterit,
804 2483 849 2518 ut
878 2477 973 2518 fecit
1001 2490 1058 2517 vs.
1090 2476 1171 2517 40?
1201 2476 1356 2517 Idcirco
1384 2475 1519 2516 nullus

223 2559 383 2607 dubito,
424 2557 522 2610 quin
566 2562 682 2610 poeta
725 2556 774 2596 de
816 2556 908 2596 albo
950 2556 1081 2596 colore
1124 2555 1382 2606 cogitaverit,
1428 2566 1518 2594 cum
