1816 2954
860 224 903 254 56

286 327 416 376 Quam
444 327 832 379 interpretationem,
862 327 957 367 licet
982 327 1186 378 ingeniose
1213 327 1265 367 sit
1280 327 1527 379 excogitata,

231 405 361 444 facere
389 416 468 444 non
494 417 652 457 possum
680 404 778 456 quin
806 404 972 456 gravius
1000 404 1297 457 reprehendam.

286 483 409 531 Nam,
450 489 495 523 ut
537 484 612 523 hoc
640 484 820 523 omittam
848 483 953 534 quod
986 496 1124 523 versus
1152 484 1269 535 primi
1297 484 1337 523 in
1362 483 1526 523 eandem

230 574 362 602 vocem
393 565 583 601 exeuntes
611 560 753 601 auditu
784 561 915 601 minus
945 565 1038 601 sunt
1066 573 1229 612 suaves,
1265 573 1368 614 quae
1395 561 1527 602 insua-

230 642 333 680 vitas
371 641 487 690 locis,
527 653 627 692 quos
666 641 822 689 attulit,
863 641 962 680 satis
994 640 1154 680 defendi
1183 654 1261 681 non
1292 646 1440 693 potest3
1481 646 1525 681 ut

228 720 348 760 etiam
378 720 452 760 hoc
479 720 638 760 silentio
667 724 911 772 praeteream
939 719 1045 771 quod
1060 724 1144 760 tum
1160 720 1232 760 illa
1256 720 1407 770 omnia,
1424 732 1526 772 quae

228 811 285 837 vs.
316 799 530 837 212—223
560 803 795 847 narrantur,
827 799 1016 849 temporis
1045 799 1174 849 spatio
1202 799 1309 838 facta
1335 811 1420 838 esse
1443 803 1524 838 tam

227 877 395 929 exiguo,
426 882 471 916 ut
499 889 549 916 ne
579 876 699 916 ramis
726 876 887 928 quidem
917 875 1114 916 viridibus
1141 876 1192 916 ad
1216 875 1524 917 exarescendum

227 955 325 994 satis
361 955 551 1006 temporis
589 954 771 1002 daretur,
808 954 895 993 iure
934 954 1124 993 miramur
1155 953 1300 1006 (nonne
1328 956 1432 994 enim
1459 968 1524 994 ex—

226 1034 486 1086 spectandum
515 1038 575 1073 est
605 1034 710 1082 fore,
751 1038 796 1073 ut
824 1033 991 1083 femina,
1023 1033 1207 1084 quamvis
1236 1034 1347 1073 varia
1375 1038 1414 1073 et
1441 1047 1523 1074 mu-

227 1111 383 1161 tabilis,
423 1111 550 1163 primo
584 1111 725 1150 saltem
764 1110 906 1150 marito
939 1110 1091 1150 diutius
1120 1110 1356 1162 indulgeat?
1394 1123 1523 1151 nonne

226 1190 424 1231 humanae
466 1195 633 1230 naturae
676 1190 750 1230 hoc
793 1190 921 1242 magis
964 1195 1270 1231 consentaneum
1312 1195 1371 1231 est
1380 1190 1415 1244 P)
1461 1190 1523 1230 his

226 1270 411 1309 omnibus
449 1270 581 1309 missis
619 1281 741 1309 unum
780 1269 906 1309 habeo
944 1274 1242 1321 argumentum,
1287 1282 1366 1321 quo
1403 1269 1523 1309 huius

225 1347 567 1399 interpretationis
594 1347 754 1399 penitus
782 1352 945 1386 eruatur
973 1347 1285 1387 fundamentum.

279 1425 448 1464 Femina
476 1425 619 1464 marito
650 1425 809 1475 relicto,
840 1425 1022 1465 domibus
1050 1425 1302 1477 permutatis,
1328 1425 1521 1465 flammeis

224 1503 406 1543 contritis
443 1503 604 1542 tandem
643 1503 860 1554 aliquando
898 1503 949 1542 ad
977 1503 1146 1555 primum
1176 1504 1305 1543 virum
1333 1503 1517 1543 redierat.

225 1582 335 1634 Ergo
377 1581 560 1622 domibus
603 1581 876 1634 permutandis
919 1581 1011 1621 finis
1049 1581 1258 1634 impositus
1293 1586 1363 1622 est.
1410 1580 1518 1631 Quid

223 1665 356 1701 autem
384 1660 593 1713 sequitur?
625 1659 717 1712 „Sic
742 1661 884 1701 crescit
900 1660 1127 1700 numerus.”
1158 1659 1270 1701 Haec
1284 1661 1406 1701 verba
1429 1672 1518 1701 cum

223 1740 444 1779 necessario
486 1739 537 1779 ad
575 1752 714 1779 versus
753 1739 1035 1790 praecedentes
1073 1740 1212 1778 referri
1249 1739 1437 1789 debeant,
1477 1740 1518 1779 in

222 1819 292 1858 illo
335 1818 622 1858 sententiarum
664 1830 770 1857 nexu
809 1817 905 1857 ferri
943 1829 1022 1857 non
1060 1821 1235 1869 possunt.
1285 1817 1375 1858 Non
1412 1817 1516 1857 enim

222 1897 394 1948 vestigia
430 1897 553 1949 spreti
586 1897 679 1936 lecti
710 1896 943 1948 repetendO,
975 1895 1044 1936 sed
1072 1895 1253 1936 flammea
1281 1896 1517 1936 conterendo

221 1975 436 2027 domosque
466 1975 729 2027 permutando
753 1987 943 2014 numerus
958 1974 1110 2014 crescit.
1143 1973 1259 2023 Quod
1274 1987 1363 2014 cum
1379 1974 1516 2025 negari

221 2067 299 2094 non
336 2055 481 2106 possit,
526 2067 684 2094 necesse
724 2066 808 2093 esse
846 2066 916 2105 pro
955 2058 1063 2093 certo
1088 2052 1320 2102 statuimus,
1351 2056 1396 2093 ut
1424 2057 1515 2093 ante

220 2133 292 2173 illa
329 2133 451 2172 verba
491 2132 573 2184 „sic
610 2132 751 2172 crescit
791 2131 1003 2171 numerus''
1045 2142 1183 2171 versus
1209 2135 1397 2183 ponatur,
1436 2142 1515 2182 quo

219 2211 467 2262 significetur
511 2211 670 2250 domum
710 2211 842 2249 mariti
886 2212 1044 2249 relictam
1083 2222 1160 2249 non
1199 2211 1380 2261 repetitam
1417 2221 1512 2249 esse.

220 2288 267 2329 Id
306 2301 395 2329 cum
424 2288 622 2329 indicetur
661 2301 716 2328 vs.
752 2289 988 2337 227-228,
1020 2287 1106 2327 fieri
1136 2299 1213 2327 non
1243 2291 1371 2339 potest
1399 2291 1443 2327 ut
1472 2286 1513 2326 hi

219 2380 358 2407 versus
388 2381 412 2407 a
440 2368 622 2419 sequenti
651 2367 908 2406 divellantur.

274 2445 391 2495 Quod
435 2446 532 2486 dicit
576 2445 752 2485 Kiaerus
795 2445 954 2485 illarum
997 2445 1212 2484 alterarum
1254 2456 1342 2484 cum
1386 2444 1512 2496 primo

224 2525 310 2563 viro
339 2525 567 2575 nuptiarum
598 2524 1003 2563 commemorationem
1033 2523 1236 2562 molestam
1264 2535 1368 2571 esse,
1399 2524 1511 2574 parvi
