<?xml version="1.0" encoding="UTF-8"?>
<!DOCTYPE html PUBLIC "-//W3C//DTD XHTML 1.0 Transitional//EN"
    "http://www.w3.org/TR/xhtml1/DTD/xhtml1-transitional.dtd">
<html xmlns="http://www.w3.org/1999/xhtml" xml:lang="en" lang="en">
 <head>
  <title>
</title>
<meta http-equiv="Content-Type" content="text/html;charset=utf-8" />
  <meta name='ocr-system' content='tesseract 3.04.00' />
  <meta name='ocr-capabilities' content='ocr_page ocr_carea ocr_par ocr_line ocrx_word'/>
</head>
<body>
  <div class='ocr_page' id='page_1' title='image "./4771781_0052.png"; bbox 0 0 1816 2954; ppageno 0'>
   <div class='ocr_carea' id='block_1_1' title="bbox 830 242 872 273">
    <p class='ocr_par' dir='ltr' id='par_1_1' title="bbox 830 242 872 273">
     <span class='ocr_line' id='line_1_1' title="bbox 830 242 872 273; baseline 0 0"><span class='ocrx_word' id='word_1_1' title='bbox 830 242 872 273; x_wconf 67' lang='lat'><strong>44</strong></span> 
     </span>
    </p>
   </div>
   <div class='ocr_carea' id='block_1_2' title="bbox 203 343 1566 2113">
    <p class='ocr_par' dir='ltr' id='par_1_2' title="bbox 203 343 1566 1876">
     <span class='ocr_line' id='line_1_2' title="bbox 206 343 1498 397; baseline -0.002 -13"><span class='ocrx_word' id='word_1_2' title='bbox 206 345 425 397; x_wconf 83' lang='lat' dir='ltr'><strong>proprietas</strong></span> <span class='ocrx_word' id='word_1_3' title='bbox 453 344 726 392; x_wconf 87' lang='lat' dir='ltr'><strong>contineatur,</strong></span> <span class='ocrx_word' id='word_1_4' title='bbox 765 356 869 396; x_wconf 86' lang='lat' dir='ltr'><strong>quae</strong></span> <span class='ocrx_word' id='word_1_5' title='bbox 911 344 973 383; x_wconf 94' lang='lat' dir='ltr'><strong>vel</strong></span> <span class='ocrx_word' id='word_1_6' title='bbox 1015 343 1184 383; x_wconf 85' lang='lat' dir='ltr'><strong>maxime</strong></span> <span class='ocrx_word' id='word_1_7' title='bbox 1212 343 1303 383; x_wconf 84' lang='lat' dir='ltr'><strong>aliis</strong></span> <span class='ocrx_word' id='word_1_8' title='bbox 1332 343 1498 383; x_wconf 88' lang='lat' dir='ltr'><strong>molesta</strong></span> 
     </span>
     <span class='ocr_line' id='line_1_3' title="bbox 205 422 1566 475; baseline -0.001 -12"><span class='ocrx_word' id='word_1_9' title='bbox 205 430 283 472; x_wconf 92' lang='lat' dir='ltr'><strong>est,</strong></span> <span class='ocrx_word' id='word_1_10' title='bbox 323 425 419 475; x_wconf 91' lang='lat' dir='ltr'><strong>quin</strong></span> <span class='ocrx_word' id='word_1_11' title='bbox 459 424 593 463; x_wconf 89' lang='lat' dir='ltr'><strong>odium</strong></span> <span class='ocrx_word' id='word_1_12' title='bbox 633 424 736 474; x_wconf 87' lang='lat' dir='ltr'><strong>parit</strong></span> <span class='ocrx_word' id='word_1_13' title='bbox 768 422 889 475; x_wconf 86' lang='lat' dir='ltr'><strong>(quod</strong></span> <span class='ocrx_word' id='word_1_14' title='bbox 920 423 1080 462; x_wconf 91' lang='lat' dir='ltr'><strong>minime</strong></span> <span class='ocrx_word' id='word_1_15' title='bbox 1108 422 1157 462; x_wconf 91' lang='lat' dir='ltr'><strong>de</strong></span> <span class='ocrx_word' id='word_1_16' title='bbox 1186 423 1392 462; x_wconf 84' lang='lat' dir='ltr'><strong>fertilitate</strong></span> <span class='ocrx_word' id='word_1_17' title='bbox 1420 422 1499 462; x_wconf 90' lang='lat' dir='ltr'><strong>dici</strong></span> <span class='ocrx_word' id='word_1_18' title='bbox 1564 453 1566 456; x_wconf 46' lang='lat'>&gt;</span> 
     </span>
     <span class='ocr_line' id='line_1_4' title="bbox 205 499 1500 554; baseline -0.002 -13"><span class='ocrx_word' id='word_1_19' title='bbox 205 514 318 553; x_wconf 90' lang='lat' dir='ltr'><strong>posse</strong></span> <span class='ocrx_word' id='word_1_20' title='bbox 346 513 459 541; x_wconf 92' lang='lat' dir='ltr'><strong>nemo</strong></span> <span class='ocrx_word' id='word_1_21' title='bbox 489 514 567 541; x_wconf 92' lang='lat' dir='ltr'><strong>non</strong></span> <span class='ocrx_word' id='word_1_22' title='bbox 597 500 743 554; x_wconf 88' lang='lat' dir='ltr'><strong>videt),</strong></span> <span class='ocrx_word' id='word_1_23' title='bbox 775 514 864 540; x_wconf 90' lang='lat' dir='ltr'><strong>nam</strong></span> <span class='ocrx_word' id='word_1_24' title='bbox 893 500 963 552; x_wconf 90' lang='lat' dir='ltr'><strong>qui</strong></span> <span class='ocrx_word' id='word_1_25' title='bbox 986 500 1051 549; x_wconf 88' lang='lat' dir='ltr'><strong>fit,</strong></span> <span class='ocrx_word' id='word_1_26' title='bbox 1083 505 1127 540; x_wconf 89' lang='lat' dir='ltr'><strong>ut</strong></span> <span class='ocrx_word' id='word_1_27' title='bbox 1142 505 1258 553; x_wconf 89' lang='lat' dir='ltr'><strong>poeta</strong></span> <span class='ocrx_word' id='word_1_28' title='bbox 1274 500 1344 540; x_wconf 92' lang='lat' dir='ltr'><strong>illa</strong></span> <span class='ocrx_word' id='word_1_29' title='bbox 1358 499 1500 552; x_wconf 86' lang='lat' dir='ltr'><strong>gravia</strong></span> 
     </span>
     <span class='ocr_line' id='line_1_5' title="bbox 203 580 1499 633; baseline -0.002 -13"><span class='ocrx_word' id='word_1_30' title='bbox 203 586 243 620; x_wconf 92' lang='lat' dir='ltr'><strong>et</strong></span> <span class='ocrx_word' id='word_1_31' title='bbox 293 581 436 621; x_wconf 88' lang='lat' dir='ltr'><strong>acerba</strong></span> <span class='ocrx_word' id='word_1_32' title='bbox 479 581 673 621; x_wconf 88' lang='lat' dir='ltr'><strong>vocabula</strong></span> <span class='ocrx_word' id='word_1_33' title='bbox 712 580 983 633; x_wconf 81' lang='lat' dir='ltr'><strong>usurpaverit,</strong></span> <span class='ocrx_word' id='word_1_34' title='bbox 1028 592 1130 632; x_wconf 90' lang='lat' dir='ltr'><strong>quae</strong></span> <span class='ocrx_word' id='word_1_35' title='bbox 1173 580 1343 631; x_wconf 88' lang='lat' dir='ltr'><strong>legimus</strong></span> <span class='ocrx_word' id='word_1_36' title='bbox 1382 591 1499 618; x_wconf 89' lang='lat' dir='ltr'><strong>versu</strong></span> 
     </span>
     <span class='ocr_line' id='line_1_6' title="bbox 207 657 1497 711; baseline -0.002 -12"><span class='ocrx_word' id='word_1_37' title='bbox 207 659 312 699; x_wconf 79' lang='lat'>183?</span> <span class='ocrx_word' id='word_1_38' title='bbox 342 657 540 699; x_wconf 84' lang='lat' dir='ltr'><strong>Omnibus</strong></span> <span class='ocrx_word' id='word_1_39' title='bbox 568 664 721 706; x_wconf 84' lang='lat' dir='ltr'><strong>autem,</strong></span> <span class='ocrx_word' id='word_1_40' title='bbox 753 672 856 711; x_wconf 88' lang='lat' dir='ltr'><strong>quae</strong></span> <span class='ocrx_word' id='word_1_41' title='bbox 881 660 958 699; x_wconf 89' lang='lat' dir='ltr'><strong>iam</strong></span> <span class='ocrx_word' id='word_1_42' title='bbox 984 659 1139 707; x_wconf 90' lang='lat' dir='ltr'><strong>monui,</strong></span> <span class='ocrx_word' id='word_1_43' title='bbox 1165 659 1329 710; x_wconf 87' lang='lat' dir='ltr'><strong>gravius</strong></span> <span class='ocrx_word' id='word_1_44' title='bbox 1357 658 1497 706; x_wconf 87' lang='lat' dir='ltr'><strong>estid,</strong></span> 
     </span>
     <span class='ocr_line' id='line_1_7' title="bbox 203 736 1498 789; baseline -0.001 -12"><span class='ocrx_word' id='word_1_45' title='bbox 203 738 309 789; x_wconf 91' lang='lat' dir='ltr'><strong>quod</strong></span> <span class='ocrx_word' id='word_1_46' title='bbox 338 739 633 778; x_wconf 89' lang='lat' dir='ltr'><strong>substantivum</strong></span> <span class='ocrx_word' id='word_1_47' title='bbox 657 738 884 788; x_wconf 79' lang='lat' dir='ltr'><strong>„gravitas”</strong></span> <span class='ocrx_word' id='word_1_48' title='bbox 916 751 994 777; x_wconf 91' lang='lat' dir='ltr'><strong>non</strong></span> <span class='ocrx_word' id='word_1_49' title='bbox 1019 737 1219 788; x_wconf 88' lang='lat' dir='ltr'><strong>significat</strong></span> <span class='ocrx_word' id='word_1_50' title='bbox 1251 736 1498 787; x_wconf 70' lang='lat' dir='ltr'><strong>„fertilitas”</strong></span> 
     </span>
     <span class='ocr_line' id='line_1_8' title="bbox 206 815 1500 868; baseline -0.001 -13"><span class='ocrx_word' id='word_1_51' title='bbox 206 815 316 855; x_wconf 87' lang='lat' dir='ltr'><strong>Fieri</strong></span> <span class='ocrx_word' id='word_1_52' title='bbox 344 820 472 868; x_wconf 89' lang='lat' dir='ltr'><strong>potest</strong></span> <span class='ocrx_word' id='word_1_53' title='bbox 501 820 544 855; x_wconf 86' lang='lat' dir='ltr'><strong>ut</strong></span> <span class='ocrx_word' id='word_1_54' title='bbox 573 816 625 855; x_wconf 89' lang='lat' dir='ltr'><strong>sit</strong></span> <span class='ocrx_word' id='word_1_55' title='bbox 653 815 757 855; x_wconf 92' lang='lat' dir='ltr'><strong>idem</strong></span> <span class='ocrx_word' id='word_1_56' title='bbox 786 828 833 856; x_wconf 87' lang='lat' dir='ltr'><strong>ac</strong></span> <span class='ocrx_word' id='word_1_57' title='bbox 864 815 1148 867; x_wconf 88' lang='lat' dir='ltr'><strong>„graviditas&#39;&#39;,</strong></span> <span class='ocrx_word' id='word_1_58' title='bbox 1181 827 1317 855; x_wconf 88' lang='lat' dir='ltr'><strong>verum</strong></span> <span class='ocrx_word' id='word_1_59' title='bbox 1348 827 1397 854; x_wconf 92' lang='lat' dir='ltr'><strong>ne</strong></span> <span class='ocrx_word' id='word_1_60' title='bbox 1427 815 1500 854; x_wconf 93' lang='lat' dir='ltr'><strong>hoc</strong></span> 
     </span>
     <span class='ocr_line' id='line_1_9' title="bbox 204 894 1501 946; baseline -0.001 -13"><span class='ocrx_word' id='word_1_61' title='bbox 204 895 364 946; x_wconf 89' lang='lat' dir='ltr'><strong>quidem</strong></span> <span class='ocrx_word' id='word_1_62' title='bbox 398 900 562 934; x_wconf 87' lang='lat' dir='ltr'><strong>constat.</strong></span> <span class='ocrx_word' id='word_1_63' title='bbox 604 895 708 934; x_wconf 89' lang='lat' dir='ltr'><strong>Nam</strong></span> <span class='ocrx_word' id='word_1_64' title='bbox 737 896 906 946; x_wconf 90' lang='lat' dir='ltr'><strong>primum</strong></span> <span class='ocrx_word' id='word_1_65' title='bbox 935 895 1175 934; x_wconf 85' lang='lat' dir='ltr'><strong>adiectivum</strong></span> <span class='ocrx_word' id='word_1_66' title='bbox 1208 894 1405 945; x_wconf 86' lang='lat' dir='ltr'><strong>„gravis’&#39;,</strong></span> <span class='ocrx_word' id='word_1_67' title='bbox 1431 894 1501 933; x_wconf 90' lang='lat' dir='ltr'><strong>ubi</strong></span> 
     </span>
     <span class='ocr_line' id='line_1_10' title="bbox 204 972 1500 1024; baseline 0 -13"><span class='ocrx_word' id='word_1_68' title='bbox 204 972 254 1011; x_wconf 88' lang='lat' dir='ltr'><strong>de</strong></span> <span class='ocrx_word' id='word_1_69' title='bbox 290 972 457 1011; x_wconf 89' lang='lat' dir='ltr'><strong>muliere</strong></span> <span class='ocrx_word' id='word_1_70' title='bbox 495 972 664 1023; x_wconf 75' lang='lat' dir='ltr'><strong>gravida</strong></span> <span class='ocrx_word' id='word_1_71' title='bbox 701 972 868 1021; x_wconf 87' lang='lat' dir='ltr'><strong>dicitur,</strong></span> <span class='ocrx_word' id='word_1_72' title='bbox 903 985 1057 1024; x_wconf 88' lang='lat' dir='ltr'><strong>semper</strong></span> <span class='ocrx_word' id='word_1_73' title='bbox 1086 972 1218 1012; x_wconf 87' lang='lat' dir='ltr'><strong>verbis</strong></span> <span class='ocrx_word' id='word_1_74' title='bbox 1247 972 1500 1012; x_wconf 88' lang='lat' dir='ltr'><strong>coniunctum</strong></span> 
     </span>
     <span class='ocr_line' id='line_1_11' title="bbox 204 1050 1500 1101; baseline 0 -12"><span class='ocrx_word' id='word_1_75' title='bbox 204 1056 263 1090; x_wconf 88' lang='lat' dir='ltr'><strong>est</strong></span> <span class='ocrx_word' id='word_1_76' title='bbox 292 1051 395 1090; x_wconf 86' lang='lat' dir='ltr'><strong>hanc</strong></span> <span class='ocrx_word' id='word_1_77' title='bbox 423 1051 755 1101; x_wconf 88' lang='lat' dir='ltr'><strong>significationem</strong></span> <span class='ocrx_word' id='word_1_78' title='bbox 784 1052 1100 1099; x_wconf 83' lang='lat' dir='ltr'><strong>illustrantibus,</strong></span> <span class='ocrx_word' id='word_1_79' title='bbox 1141 1063 1190 1089; x_wconf 93' lang='lat' dir='ltr'><strong>ne</strong></span> <span class='ocrx_word' id='word_1_80' title='bbox 1217 1050 1341 1090; x_wconf 91' lang='lat' dir='ltr'><strong>lector</strong></span> <span class='ocrx_word' id='word_1_81' title='bbox 1370 1050 1500 1089; x_wconf 89' lang='lat' dir='ltr'><strong>locum</strong></span> 
     </span>
     <span class='ocr_line' id='line_1_12' title="bbox 205 1127 1500 1181; baseline -0.001 -13"><span class='ocrx_word' id='word_1_82' title='bbox 205 1141 390 1181; x_wconf 88' lang='lat' dir='ltr'><strong>perverse</strong></span> <span class='ocrx_word' id='word_1_83' title='bbox 418 1129 600 1180; x_wconf 88' lang='lat' dir='ltr'><strong>accipiat.</strong></span> <span class='ocrx_word' id='word_1_84' title='bbox 631 1128 737 1168; x_wconf 88' lang='lat' dir='ltr'><strong>Tum</strong></span> <span class='ocrx_word' id='word_1_85' title='bbox 766 1129 1060 1169; x_wconf 89' lang='lat' dir='ltr'><strong>substantivum</strong></span> <span class='ocrx_word' id='word_1_86' title='bbox 1092 1127 1319 1180; x_wconf 84' lang='lat' dir='ltr'><strong>„gravitas”</strong></span> <span class='ocrx_word' id='word_1_87' title='bbox 1352 1140 1399 1167; x_wconf 88' lang='lat' dir='ltr'><strong>ea</strong></span> <span class='ocrx_word' id='word_1_88' title='bbox 1423 1127 1500 1179; x_wconf 87' lang='lat' dir='ltr'><strong>sig-</strong></span> 
     </span>
     <span class='ocr_line' id='line_1_13' title="bbox 206 1206 1497 1260; baseline -0.001 -13"><span class='ocrx_word' id='word_1_89' title='bbox 206 1208 434 1248; x_wconf 87' lang='lat' dir='ltr'><strong>nificatione</strong></span> <span class='ocrx_word' id='word_1_90' title='bbox 476 1208 597 1247; x_wconf 91' lang='lat' dir='ltr'><strong>semel</strong></span> <span class='ocrx_word' id='word_1_91' title='bbox 641 1212 795 1248; x_wconf 90' lang='lat' dir='ltr'><strong>tantum</strong></span> <span class='ocrx_word' id='word_1_92' title='bbox 836 1208 1006 1248; x_wconf 88' lang='lat' dir='ltr'><strong>occurrit</strong></span> <span class='ocrx_word' id='word_1_93' title='bbox 1045 1207 1150 1260; x_wconf 87' lang='lat' dir='ltr'><strong>apud</strong></span> <span class='ocrx_word' id='word_1_94' title='bbox 1185 1206 1375 1247; x_wconf 92' lang='lat' dir='ltr'><strong>Ovidium</strong></span> <span class='ocrx_word' id='word_1_95' title='bbox 1404 1206 1497 1247; x_wconf 92' lang='lat' dir='ltr'><strong>Met.</strong></span> 
     </span>
     <span class='ocr_line' id='line_1_14' title="bbox 206 1285 1501 1334; baseline -0.001 -9"><span class='ocrx_word' id='word_1_96' title='bbox 206 1285 336 1325; x_wconf 94' lang='lat' dir='ltr'>VIIII</span> <span class='ocrx_word' id='word_1_97' title='bbox 374 1286 473 1332; x_wconf 81' lang='lat'><strong>287,</strong></span> <span class='ocrx_word' id='word_1_98' title='bbox 506 1286 562 1325; x_wconf 88' lang='lat' dir='ltr'><strong>ita</strong></span> <span class='ocrx_word' id='word_1_99' title='bbox 590 1291 742 1334; x_wconf 88' lang='lat' dir='ltr'><strong>tamen,</strong></span> <span class='ocrx_word' id='word_1_100' title='bbox 775 1291 819 1325; x_wconf 92' lang='lat' dir='ltr'><strong>ut</strong></span> <span class='ocrx_word' id='word_1_101' title='bbox 848 1287 971 1326; x_wconf 88' lang='lat' dir='ltr'><strong>verba</strong></span> <span class='ocrx_word' id='word_1_102' title='bbox 998 1286 1209 1326; x_wconf 89' lang='lat' dir='ltr'><strong>coniuncta</strong></span> <span class='ocrx_word' id='word_1_103' title='bbox 1238 1286 1424 1325; x_wconf 89' lang='lat' dir='ltr'><strong>lectorem</strong></span> <span class='ocrx_word' id='word_1_104' title='bbox 1452 1285 1501 1324; x_wconf 91' lang='lat' dir='ltr'><strong>de</strong></span> 
     </span>
     <span class='ocr_line' id='line_1_15' title="bbox 205 1364 1498 1415; baseline 0 -11"><span class='ocrx_word' id='word_1_105' title='bbox 205 1365 280 1405; x_wconf 93' lang='lat' dir='ltr'><strong>hoc</strong></span> <span class='ocrx_word' id='word_1_106' title='bbox 308 1377 427 1404; x_wconf 87' lang='lat' dir='ltr'><strong>sensu</strong></span> <span class='ocrx_word' id='word_1_107' title='bbox 456 1364 714 1404; x_wconf 84' lang='lat' dir='ltr'><strong>admoneant:</strong></span> <span class='ocrx_word' id='word_1_108' title='bbox 748 1365 952 1414; x_wconf 89' lang='lat' dir='ltr'><strong>„extendit</strong></span> <span class='ocrx_word' id='word_1_109' title='bbox 981 1370 1137 1404; x_wconf 90' lang='lat' dir='ltr'><strong>uterum</strong></span> <span class='ocrx_word' id='word_1_110' title='bbox 1161 1365 1340 1415; x_wconf 87' lang='lat' dir='ltr'><strong>gravitas</strong></span> <span class='ocrx_word' id='word_1_111' title='bbox 1362 1364 1498 1412; x_wconf 85' lang='lat' dir='ltr'><strong>mihi”‚</strong></span> 
     </span>
     <span class='ocr_line' id='line_1_16' title="bbox 204 1429 1501 1496; baseline -0.002 -13"><span class='ocrx_word' id='word_1_112' title='bbox 204 1455 283 1496; x_wconf 84' lang='lat' dir='ltr'><strong>q-uo</strong></span> <span class='ocrx_word' id='word_1_113' title='bbox 326 1429 419 1483; x_wconf 20' lang='lat' dir='ltr'><strong>loco*</strong></span> <span class='ocrx_word' id='word_1_114' title='bbox 456 1442 621 1482; x_wconf 89' lang='lat' dir='ltr'><strong>verbum</strong></span> <span class='ocrx_word' id='word_1_115' title='bbox 664 1443 908 1483; x_wconf 88' lang='lat' dir='ltr'><strong>abstractum</strong></span> <span class='ocrx_word' id='word_1_116' title='bbox 954 1441 1180 1494; x_wconf 86' lang='lat' dir='ltr'><strong>„gravitas”</strong></span> <span class='ocrx_word' id='word_1_117' title='bbox 1222 1455 1292 1495; x_wconf 86' lang='lat' dir='ltr'><strong>pro</strong></span> <span class='ocrx_word' id='word_1_118' title='bbox 1319 1447 1501 1482; x_wconf 91' lang='lat' dir='ltr'><strong>concreto</strong></span> 
     </span>
     <span class='ocr_line' id='line_1_17' title="bbox 208 1521 1501 1573; baseline 0.001 -12"><span class='ocrx_word' id='word_1_119' title='bbox 208 1521 341 1572; x_wconf 84' lang='lat' dir='ltr'><strong>„fetu”</strong></span> <span class='ocrx_word' id='word_1_120' title='bbox 372 1526 607 1573; x_wconf 90' lang='lat' dir='ltr'><strong>usurpatum</strong></span> <span class='ocrx_word' id='word_1_121' title='bbox 637 1535 722 1561; x_wconf 86' lang='lat' dir='ltr'><strong>esse</strong></span> <span class='ocrx_word' id='word_1_122' title='bbox 746 1523 932 1573; x_wconf 87' lang='lat' dir='ltr'><strong>opinatur</strong></span> <span class='ocrx_word' id='word_1_123' title='bbox 960 1522 1188 1561; x_wconf 86' lang='lat' dir='ltr'><strong>Forcellini.</strong></span> <span class='ocrx_word' id='word_1_124' title='bbox 1223 1521 1347 1561; x_wconf 92' lang='lat' dir='ltr'><strong>Porro</strong></span> <span class='ocrx_word' id='word_1_125' title='bbox 1375 1522 1501 1562; x_wconf 89' lang='lat' dir='ltr'><strong>adiec-</strong></span> 
     </span>
     <span class='ocr_line' id='line_1_18' title="bbox 205 1598 1500 1652; baseline -0.001 -12"><span class='ocrx_word' id='word_1_126' title='bbox 205 1600 332 1641; x_wconf 90' lang='lat' dir='ltr'><strong>tivum</strong></span> <span class='ocrx_word' id='word_1_127' title='bbox 386 1599 572 1652; x_wconf 79' lang='lat' dir='ltr'><strong>„gravis”</strong></span> <span class='ocrx_word' id='word_1_128' title='bbox 627 1600 701 1640; x_wconf 94' lang='lat' dir='ltr'><strong>hoc</strong></span> <span class='ocrx_word' id='word_1_129' title='bbox 752 1613 869 1640; x_wconf 92' lang='lat' dir='ltr'><strong>sensu</strong></span> <span class='ocrx_word' id='word_1_130' title='bbox 913 1613 1107 1652; x_wconf 86' lang='lat' dir='ltr'><strong>nusquam</strong></span> <span class='ocrx_word' id='word_1_131' title='bbox 1150 1599 1353 1640; x_wconf 91' lang='lat' dir='ltr'><strong>invenitur</strong></span> <span class='ocrx_word' id='word_1_132' title='bbox 1395 1598 1500 1652; x_wconf 90' lang='lat' dir='ltr'><strong>apud</strong></span> 
     </span>
     <span class='ocr_line' id='line_1_19' title="bbox 205 1677 1501 1727; baseline 0 -10"><span class='ocrx_word' id='word_1_133' title='bbox 205 1678 448 1718; x_wconf 89' lang='lat' dir='ltr'><strong>Iuvenalem.</strong></span> <span class='ocrx_word' id='word_1_134' title='bbox 481 1677 595 1727; x_wconf 80' lang='lat' dir='ltr'><strong>Quae</strong></span> <span class='ocrx_word' id='word_1_135' title='bbox 624 1691 712 1718; x_wconf 91' lang='lat' dir='ltr'><strong>cum</strong></span> <span class='ocrx_word' id='word_1_136' title='bbox 743 1679 800 1718; x_wconf 86' lang='lat' dir='ltr'><strong>ita</strong></span> <span class='ocrx_word' id='word_1_137' title='bbox 827 1679 927 1727; x_wconf 88' lang='lat' dir='ltr'><strong>sint,</strong></span> <span class='ocrx_word' id='word_1_138' title='bbox 958 1678 1211 1718; x_wconf 88' lang='lat' dir='ltr'><strong>statuendum</strong></span> <span class='ocrx_word' id='word_1_139' title='bbox 1239 1684 1299 1717; x_wconf 91' lang='lat' dir='ltr'><strong>est</strong></span> <span class='ocrx_word' id='word_1_140' title='bbox 1327 1678 1501 1718; x_wconf 91' lang='lat' dir='ltr'><strong>hocloco</strong></span> 
     </span>
     <span class='ocr_line' id='line_1_20' title="bbox 206 1756 1501 1809; baseline 0 -12"><span class='ocrx_word' id='word_1_141' title='bbox 206 1758 371 1798; x_wconf 90' lang='lat' dir='ltr'><strong>verbum</strong></span> <span class='ocrx_word' id='word_1_142' title='bbox 409 1757 637 1809; x_wconf 82' lang='lat' dir='ltr'><strong>significare</strong></span> <span class='ocrx_word' id='word_1_143' title='bbox 670 1757 775 1809; x_wconf 90' lang='lat' dir='ltr'><strong>quod</strong></span> <span class='ocrx_word' id='word_1_144' title='bbox 806 1762 845 1797; x_wconf 92' lang='lat' dir='ltr'><strong>et</strong></span> <span class='ocrx_word' id='word_1_145' title='bbox 873 1757 991 1797; x_wconf 87' lang='lat' dir='ltr'><strong>alibi:</strong></span> <span class='ocrx_word' id='word_1_146' title='bbox 1037 1756 1293 1808; x_wconf 84' lang='lat' dir='ltr'><strong>dignitatem,</strong></span> <span class='ocrx_word' id='word_1_147' title='bbox 1333 1757 1501 1798; x_wconf 87' lang='lat' dir='ltr'><strong>auctori-</strong></span> 
     </span>
     <span class='ocr_line' id='line_1_21' title="bbox 205 1841 339 1876; baseline 0 -1"><span class='ocrx_word' id='word_1_148' title='bbox 205 1841 339 1876; x_wconf 90' lang='lat' dir='ltr'><strong>tatem.</strong></span> 
     </span>
    </p>

    <p class='ocr_par' dir='ltr' id='par_1_3' title="bbox 205 1914 1501 2113">
     <span class='ocr_line' id='line_1_22' title="bbox 260 1914 1501 1966; baseline -0.002 -10"><span class='ocrx_word' id='word_1_149' title='bbox 260 1914 453 1956; x_wconf 81' lang='lat' dir='ltr'><strong>Gravitas</strong></span> <span class='ocrx_word' id='word_1_150' title='bbox 491 1915 637 1966; x_wconf 83' lang='lat' dir='ltr'><strong>igitur,</strong></span> <span class='ocrx_word' id='word_1_151' title='bbox 676 1927 779 1966; x_wconf 89' lang='lat' dir='ltr'><strong>quae</strong></span> <span class='ocrx_word' id='word_1_152' title='bbox 817 1915 937 1954; x_wconf 87' lang='lat' dir='ltr'><strong>etiam</strong></span> <span class='ocrx_word' id='word_1_153' title='bbox 966 1915 1192 1955; x_wconf 80' lang='lat' dir='ltr'><strong>continetur</strong></span> <span class='ocrx_word' id='word_1_154' title='bbox 1220 1914 1432 1966; x_wconf 82' lang='lat' dir='ltr'><strong>pudicitia,</strong></span> <span class='ocrx_word' id='word_1_155' title='bbox 1463 1919 1501 1954; x_wconf 90' lang='lat' dir='ltr'><strong>et</strong></span> 
     </span>
     <span class='ocr_line' id='line_1_23' title="bbox 205 1991 1501 2044; baseline -0.002 -11"><span class='ocrx_word' id='word_1_156' title='bbox 205 1994 331 2033; x_wconf 88' lang='lat' dir='ltr'><strong>forma</strong></span> <span class='ocrx_word' id='word_1_157' title='bbox 359 1994 594 2033; x_wconf 88' lang='lat' dir='ltr'><strong>coniunctae</strong></span> <span class='ocrx_word' id='word_1_158' title='bbox 623 1993 797 2033; x_wconf 90' lang='lat' dir='ltr'><strong>efficiunt</strong></span> <span class='ocrx_word' id='word_1_159' title='bbox 825 1993 970 2033; x_wconf 91' lang='lat' dir='ltr'><strong>bonum</strong></span> <span class='ocrx_word' id='word_1_160' title='bbox 1000 1992 1117 2041; x_wconf 90' lang='lat' dir='ltr'><strong>illud,</strong></span> <span class='ocrx_word' id='word_1_161' title='bbox 1144 1991 1249 2044; x_wconf 90' lang='lat' dir='ltr'><strong>quod</strong></span> <span class='ocrx_word' id='word_1_162' title='bbox 1264 2004 1335 2044; x_wconf 91' lang='lat' dir='ltr'><strong>pro</strong></span> <span class='ocrx_word' id='word_1_163' title='bbox 1350 2004 1501 2032; x_wconf 91' lang='lat' dir='ltr'><strong>summo</strong></span> 
     </span>
     <span class='ocr_line' id='line_1_24' title="bbox 205 2071 1042 2113; baseline -0.001 -1"><span class='ocrx_word' id='word_1_164' title='bbox 205 2077 244 2112; x_wconf 94' lang='lat' dir='ltr'><strong>et</strong></span> <span class='ocrx_word' id='word_1_165' title='bbox 273 2085 362 2112; x_wconf 89' lang='lat' dir='ltr'><strong>raro</strong></span> <span class='ocrx_word' id='word_1_166' title='bbox 391 2072 566 2112; x_wconf 89' lang='lat' dir='ltr'><strong>celebrat</strong></span> <span class='ocrx_word' id='word_1_167' title='bbox 595 2077 729 2112; x_wconf 90' lang='lat' dir='ltr'><strong>noster</strong></span> <span class='ocrx_word' id='word_1_168' title='bbox 758 2072 840 2113; x_wconf 85' lang='lat' dir='ltr'><strong>Sat.</strong></span> <span class='ocrx_word' id='word_1_169' title='bbox 871 2071 912 2111; x_wconf 90' lang='lat' dir='ltr'>X</span> <span class='ocrx_word' id='word_1_170' title='bbox 943 2073 1042 2112; x_wconf 79' lang='lat'>297:</span> 
     </span>
    </p>
   </div>
   <div class='ocr_carea' id='block_1_3' title="bbox 262 2168 1436 2223">
    <p class='ocr_par' dir='ltr' id='par_1_4' title="bbox 262 2168 1436 2223">
     <span class='ocr_line' id='line_1_25' title="bbox 262 2168 1436 2223; baseline 0.001 -14"><span class='ocrx_word' id='word_1_171' title='bbox 262 2182 378 2221; x_wconf 88' lang='lat' dir='ltr'><strong>„rara</strong></span> <span class='ocrx_word' id='word_1_172' title='bbox 407 2175 466 2210; x_wconf 88' lang='lat' dir='ltr'><strong>est</strong></span> <span class='ocrx_word' id='word_1_173' title='bbox 494 2169 592 2210; x_wconf 87' lang='lat' dir='ltr'><strong>adeo</strong></span> <span class='ocrx_word' id='word_1_174' title='bbox 621 2170 832 2211; x_wconf 88' lang='lat' dir='ltr'><strong>concordia</strong></span> <span class='ocrx_word' id='word_1_175' title='bbox 860 2170 1008 2210; x_wconf 88' lang='lat' dir='ltr'><strong>formae</strong></span> <span class='ocrx_word' id='word_1_176' title='bbox 1037 2174 1155 2222; x_wconf 83' lang='lat' dir='ltr'><strong>atque</strong></span> <span class='ocrx_word' id='word_1_177' title='bbox 1184 2168 1436 2223; x_wconf 90' lang='lat' dir='ltr'><strong>pudicitiae.’&#39;</strong></span> 
     </span>
    </p>
   </div>
   <div class='ocr_carea' id='block_1_4' title="bbox 261 2322 1441 2476">
    <p class='ocr_par' dir='ltr' id='par_1_5' title="bbox 261 2322 1441 2476">
     <span class='ocr_line' id='line_1_26' title="bbox 770 2322 938 2354; baseline 0 0"><span class='ocrx_word' id='word_1_178' title='bbox 770 2322 836 2354; x_wconf 85' lang='lat' dir='ltr'><strong>VS.</strong></span> <span class='ocrx_word' id='word_1_179' title='bbox 863 2323 938 2354; x_wconf 82' lang='lat'>184.</span> 
     </span>
     <span class='ocr_line' id='line_1_27' title="bbox 261 2423 1441 2476; baseline 0.001 -13"><span class='ocrx_word' id='word_1_180' title='bbox 261 2423 466 2473; x_wconf 84' lang='lat' dir='ltr'><strong>Quaedam</strong></span> <span class='ocrx_word' id='word_1_181' title='bbox 497 2437 621 2476; x_wconf 81' lang='lat' dir='ltr'><strong>parva</strong></span> <span class='ocrx_word' id='word_1_182' title='bbox 649 2425 809 2475; x_wconf 87' lang='lat' dir='ltr'><strong>quidem</strong></span> <span class='ocrx_word' id='word_1_183' title='bbox 837 2424 906 2464; x_wconf 89' lang='lat' dir='ltr'><strong>sed</strong></span> <span class='ocrx_word' id='word_1_184' title='bbox 936 2437 1013 2464; x_wconf 92' lang='lat' dir='ltr'><strong>non</strong></span> <span class='ocrx_word' id='word_1_185' title='bbox 1043 2424 1248 2464; x_wconf 88' lang='lat' dir='ltr'><strong>toleranda</strong></span> <span class='ocrx_word' id='word_1_186' title='bbox 1277 2425 1441 2464; x_wconf 87' lang='lat' dir='ltr'><strong>maritis.</strong></span> 
     </span>
    </p>
   </div>
   <div class='ocr_carea' id='block_1_5' title="bbox 261 2536 1513 2577">
    <p class='ocr_par' dir='ltr' id='par_1_6' title="bbox 261 2536 1513 2577">
     <span class='ocr_line' id='line_1_28' title="bbox 261 2536 1513 2577; baseline 0.001 -2"><span class='ocrx_word' id='word_1_187' title='bbox 261 2536 436 2576; x_wconf 87' lang='lat' dir='ltr'><strong>Pessime</strong></span> <span class='ocrx_word' id='word_1_188' title='bbox 477 2537 582 2576; x_wconf 90' lang='lat' dir='ltr'><strong>hunc</strong></span> <span class='ocrx_word' id='word_1_189' title='bbox 622 2550 776 2576; x_wconf 87' lang='lat' dir='ltr'><strong>versum</strong></span> <span class='ocrx_word' id='word_1_190' title='bbox 817 2550 1022 2576; x_wconf 85' lang='lat' dir='ltr'><strong>enarrasse</strong></span> <span class='ocrx_word' id='word_1_191' title='bbox 1057 2537 1154 2576; x_wconf 91' lang='lat' dir='ltr'><strong>mihi</strong></span> <span class='ocrx_word' id='word_1_192' title='bbox 1183 2537 1341 2577; x_wconf 83' lang='lat' dir='ltr'><strong>videtur</strong></span> <span class='ocrx_word' id='word_1_193' title='bbox 1370 2537 1513 2577; x_wconf 83' lang='lat' dir='ltr'><strong>Weid-·</strong></span> 
     </span>
    </p>
   </div>
  </div>
 </body>
</html>
