1816 2954
896 180 940 211 29

275 282 380 334 quod
422 288 481 323 est
522 283 688 335 „nunc''‚
728 284 785 323 ita
822 284 903 323 alia
940 288 1032 323 sunt
1060 288 1100 323 et
1127 283 1287 334 gravia,
1319 294 1420 333 quae
1449 282 1560 321 vehe-

276 366 426 401 menter
454 363 621 402 obstent.
653 361 755 402 Nam
784 366 868 402 tum
893 362 1083 402 habemus
1112 360 1349 401 sententiam
1364 360 1415 400 ab
1430 359 1562 399 indole

275 439 394 479 huius
422 441 544 479 totius
570 445 729 480 saturae
757 452 918 492 prorsus
941 440 1122 479 alienam.
1154 439 1278 478 Poeta
1294 439 1399 477 enim
1414 438 1561 489 ubique

274 517 348 558 hoc
374 518 460 569 agit
488 523 532 558 ut
559 517 798 558 demonstret
827 523 1037 570 patronum
1068 518 1169 558 nihil
1199 529 1340 558 curare
1354 516 1558 566 clientem,
1591 501 1595 504 ’

273 600 410 637 contra
446 595 694 635 contumeliis
730 596 907 636 obruere.
954 596 1031 636 Hic
1068 601 1198 636 autem
1237 595 1344 635 dicat
1382 606 1471 634 eum
1509 594 1560 634 ad

273 675 456 716 clientem
498 675 556 716 ire
597 675 647 716 ad
689 688 845 726 cenam,
885 676 1109 729 liberosque
1146 676 1232 716 eius
1275 682 1355 716 tam
1398 674 1560 716 comiter

273 753 451 812 accipere
479 757 517 793 et
549 754 795 794 munusculis
822 754 997 794 donare?
1027 754 1151 794 Nullo
1179 754 1304 793 modo.

327 831 416 880 Quo
468 832 554 872 iure
594 837 726 872 autem
775 832 1065 886 Ribbeckius1)
1110 832 1321 873 contendat
1363 843 1559 871 summum

272 909 427 961 patroni
456 913 720 962 contemptum
749 910 790 950 in
820 922 865 951 eo
895 911 1003 951 cerni
1031 911 1135 963 quod
1153 910 1324 962 ,loquaci
1353 908 1446 948 nido
1475 908 1560 960 ipse

271 987 489 1028 delectetur
517 1000 579 1027 me
608 989 758 1028 nescire
786 990 922 1029 fateor.

326 1065 467 1107 Altera
516 1066 727 1119 explicatio
775 1072 834 1108 est
874 1080 940 1118 ea,
983 1080 1084 1120 quae
1117 1067 1227 1108 iubet
1270 1064 1461 1120 Mygalen
1501 1063 1558 1104 in-

271 1145 409 1194 tellegi
461 1144 510 1183 de
562 1157 686 1184 uxore
736 1145 875 1184 Trebii
926 1146 1081 1184 clientis
1133 1145 1264 1184 subito
1306 1144 1556 1194 locupletati,

271 1228 315 1282 ut
353 1222 446 1263 fecit
486 1222 542 1263 Io.
586 1223 857 1264 Brittannicus
870 1223 901 1271 ²)
947 1224 1015 1275 qui
1058 1223 1154 1264 haec
1195 1221 1423 1262 annotavit:
1464 1220 1557 1272 „sed

270 1301 453 1353 quamvis
505 1314 606 1341 uxor
657 1306 727 1342 tua
777 1302 904 1354 pariat
955 1314 1078 1351 nunc,
1132 1301 1284 1341 scilicet
1336 1313 1459 1352 quum
1502 1301 1557 1340 sis

273 1381 555 1433 locupletatus,
612 1394 690 1421 non
737 1386 776 1421 te
814 1381 970 1433 penitus
1006 1381 1283 1433 aspernabitur
1320 1380 1389 1420 sed
1427 1384 1556 1420 tecum

269 1471 348 1499 una
384 1458 575 1510 gaudebit
613 1459 692 1499 tuis
725 1459 879 1507 liberis,
920 1459 1154 1498 munuscula
1191 1458 1345 1498 iubebit
1384 1457 1554 1497 afferri.'⁷

271 1537 382 1577 Haec
435 1538 647 1589 explicatio
702 1537 816 1577 valde
860 1538 1042 1588 infringit
1086 1538 1165 1577 vim
1204 1551 1260 1577 vs.
1303 1539 1379 1577 136
1418 1542 1456 1576 et
1499 1550 1555 1576 se-

266 1616 483 1668 quentium.
525 1615 613 1657 Hoc
641 1616 744 1656 euim
773 1615 980 1656 habemus:
1012 1615 1160 1656 nummi
1190 1620 1283 1656 sunt
1310 1628 1410 1668 quos
1438 1615 1553 1665 colit,

266 1706 365 1745 quos
407 1699 521 1734 vocat
558 1695 715 1744 fratres3
754 1700 793 1734 te
830 1707 907 1734 non
944 1695 1103 1746 respicit
1139 1695 1207 1733 sed
1249 1695 1361 1734 bonis
1389 1695 1470 1734 tuis
1497 1695 1555 1733 in-

266 1773 369 1824 hiat3
410 1773 625 1814 amicitiam
664 1778 773 1813 tuam
811 1787 888 1814 non
926 1778 1054 1825 optat,
1092 1773 1352 1813 hereditatem
1381 1773 1552 1825 expetit3

264 1864 383 1903 quam
424 1864 532 1904 spem
574 1851 608 1892 si
646 1851 789 1904 eripies
833 1876 882 1881 —
925 1855 1055 1892 tamen
1098 1856 1137 1892 te
1180 1850 1333 1903 diliget.
1387 1851 1555 1905 Insuper

264 1929 539 1970 sermocinatio
576 1929 710 1970 eodem
750 1929 916 1970 rediret:
959 1929 993 1969 si
1020 1929 1110 1981 quis
1138 1929 1236 1970 deus
1263 1929 1555 1982 quadringenta

264 2008 339 2048 tibi
376 2008 561 2057 donaret,
596 2001 770 2060 quantus
808 2008 990 2048 Virronis
1022 2008 1175 2048 amicus
1202 2008 1337 2049 fieres!
1368 2022 1487 2061 quam
1514 2015 1553 2048 te

264 2086 429 2137 coleret,
464 2086 539 2127 tibi
563 2087 829 2127 blandiretur:
859 2086 911 2126 da
934 2086 1102 2136 Trebio,
1139 2099 1241 2139 pone
1264 2087 1315 2127 ad
1338 2087 1551 2129 Trebium!

265 2163 308 2204 Si
354 2169 487 2205 antem
535 2166 655 2205 orbus
702 2177 826 2214 esses,
869 2164 1051 2204 dominus
1093 2168 1132 2203 et
1175 2165 1325 2205 domini
1366 2167 1554 2206 evaderes

263 2243 353 2283 rex!
398 2242 442 2284 Si
480 2256 557 2284 non
595 2256 699 2284 esses
737 2267 789 2272 —
827 2247 958 2283 tamen
987 2247 1025 2283 te
1063 2243 1210 2284 coleret
1252 2249 1291 2285 et
1320 2245 1550 2298 respiceret,

310 2426 337 2466 ¹)
360 2426 383 2457 l.
407 2426 427 2457 l.
454 2436 531 2469 pag.
554 2427 629 2458 126.

307 2483 333 2526 ²)
356 2484 428 2515 Iuv.
455 2484 521 2516 Sat*
549 2484 761 2517 Henninii
786 2496 860 2527 pag.
886 2487 961 2517 504.
