1816 2954
861 226 864 229 .
878 201 921 233 45

259 315 378 344 uerus
392 302 435 356 ¹).
468 302 722 354 „Quaedam”
753 303 881 344 reddit
912 304 1031 344 verbo
1054 302 1294 344 Germanico
1312 302 1542 353 ,‚Manehe”‚

258 395 375 434 quam
417 382 745 434 significationem
792 383 866 423 hoo
910 383 1144 424 vocabulum
1188 383 1308 423 etiam
1350 382 1545 433 singulari

259 472 420 500 numero
448 460 593 500 habere
620 461 853 501 nesciebam.
892 460 957 500 Ad
988 473 1122 501 vooem
1150 473 1253 512 quae
1282 466 1341 499 est
1372 459 1544 512 „parva”

258 539 333 578 hoo
369 538 593 579 adnotavit:
635 553 783 591 „parva
809 553 861 580 se.
893 540 1025 579 animo
1053 545 1092 579 et
1120 551 1293 591 corpore.
1326 538 1444 578 Denn
1475 538 1546 577 mit

258 617 346 656 dem
389 616 544 668 Begriff
580 617 650 656 der
692 616 906 658 Sohonheit
951 618 1175 658 verbanden
1213 617 1277 656 die
1316 616 1437 656 Alten
1468 629 1544 655 von

259 694 408 735 Homer
449 708 499 735 an
542 696 724 747 zugleieb
767 696 831 736 die
869 696 1128 748 Vorstellung
1166 696 1236 736 der
1273 695 1425 737 Grosze
1475 694 1546 734 der

259 772 431 823 Wiirde‚
462 772 532 812 der
560 774 737 824 gravitas
766 774 841 814 wie
871 787 926 814 vs.
961 776 1048 814 178.
1080 774 1173 814 Nun
1202 775 1277 814 soll
1300 775 1396 813 aber
1421 785 1546 824 parva

259 852 442 902 zugleich
479 852 555 891 den
593 851 820 903 Gegensatz
856 866 906 893 zu
943 853 1032 892 dem
1069 852 1434 904 Vorausgehenden
1462 855 1545 890 ent-

259 928 414 979 hasten,
458 930 624 981 folglioh
667 942 774 970 muss
811 942 853 970 es
889 930 960 970 das
999 929 1238 982 Gegentheil
1268 930 1338 970 der
1365 929 1545 981 gravitas

259 1008 455 1047 bedeuten
483 1019 532 1040 =
559 1008 690 1048 animo
718 1008 906 1057 demissa,
939 1009 1192 1058 besebeiden,
1224 1005 1542 1060 anspruohslos.'⁷

262 1085 375 1135 Quae
412 1098 517 1126 nuno
554 1093 613 1125 est
642 1086 776 1138 opinio
805 1087 881 1126 viri
908 1087 1043 1127 docti?
1081 1087 1203 1127 Estne
1232 1088 1305 1127 hoc
1328 1087 1414 1126 1000
1439 1084 1544 1136 eogi-

258 1164 421 1205 tandum
460 1164 508 1204 de
543 1165 673 1205 animo
702 1178 753 1205 an
780 1165 829 1205 de
858 1166 1032 1218 corporis
1061 1166 1252 1206 brevitate
1283 1179 1333 1205 an
1361 1165 1410 1205 de
1438 1170 1543 1205 utro-

259 1242 367 1294 que?
434 1242 660 1283 Secundum
712 1256 759 1283 ea
799 1256 901 1295 quae
945 1245 1047 1283 dixit
1095 1257 1215 1296 parvo
1256 1257 1341 1283 esse
1383 1255 1544 1295 corpore

258 1306 416 1362 vitiumv
441 1327 511 1362 est.
561 1320 769 1374 Oppositio
810 1327 944 1363 autem
985 1323 1267 1363 adieetivorum
1309 1334 1410 1374 quae
1452 1326 1544 1362 sunt

260 1398 432 1450 „parva”
472 1404 511 1438 et
547 1411 649 1449 „non
677 1399 905 1439 toleranda”
936 1412 1005 1451 per
1033 1401 1248 1451 particulas
1279 1400 1462 1451 „quidem
1491 1422 1542 1426 —-

256 1477 365 1527 sed'’,
394 1491 483 1518 eum
515 1490 617 1528 „non
646 1478 850 1518 toleranda
878 1477 1054 1518 maritis’⁷
1084 1478 1132 1518 de
1161 1491 1203 1518 re
1232 1478 1336 1518 mala
1364 1476 1541 1525 dicatur,

256 1559 296 1595 te
323 1555 449 1607 cogit,
482 1560 525 1596 ut
555 1555 727 1608 „parva”
758 1556 800 1596 in
828 1556 970 1596 bonam
998 1556 1168 1608 aooipias
1197 1561 1359 1608 partem.
1406 1555 1543 1607 Sequi-

256 1639 322 1673 tur
349 1639 394 1673 ut
424 1634 595 1686 „parva”
626 1635 675 1674 de
703 1635 877 1686 eorporis
905 1635 1098 1674 brevitate
1125 1635 1204 1674 dioi
1232 1647 1310 1674 non
1339 1635 1473 1686 possit.

310 1711 366 1753 At
402 1712 451 1754 de
488 1713 610 1754 animi
649 1713 858 1755 modestia!
899 1713 960 1755 Ne
998 1713 1071 1755 hoo
1103 1713 1261 1767 quidem
1291 1725 1428 1754 verum
1459 1725 1544 1753 esse

257 1796 396 1843 potest.
430 1791 533 1831 Nam
562 1793 625 1831 fao
653 1793 845 1832 vocabulo
874 1797 1005 1831 nostro
1034 1793 1135 1831 hano
1163 1792 1244 1830 vim
1273 1793 1401 1831 inesse
1420 1792 1543 1842 (quod

257 1869 507 1910 vehementer
548 1870 707 1921 dubito,
752 1871 846 1923 quia
883 1883 999 1911 sensu
1034 1869 1298 1922 metaphorieo
1328 1870 1370 1909 in
1400 1870 1541 1910 malam

259 1948 380 1999 vulgo
404 1948 553 1987 dieitur
576 1954 747 2000 partem,
773 1949 822 1988 ef.
839 1948 1007 1988 Foroell.
1023 1948 1097 1987 sub
1115 1947 1247 2000 vooe),
1279 1953 1364 1987 tum
1379 1948 1545 1988 habebis

259 2026 612 2078 significationem,
651 2040 770 2079 quam
812 2027 846 2067 si
888 2026 1175 2079 comparaveris
1214 2038 1304 2067 oum
1343 2026 1413 2076 iis,
1443 2039 1545 2079 quae

259 2110 375 2157 poeta
412 2106 454 2145 in
490 2106 749 2157 sequentibus
775 2106 824 2145 de
853 2106 915 2145 his
942 2105 1175 2145 mulieribus
1203 2106 1401 2157 copiosius
1429 2118 1544 2157 expo-

257 2185 338 2235 nit,
378 2197 470 2225 mox
509 2184 662 2225 videbis
698 2184 770 2225 has
798 2184 976 2225 notiones
1012 2183 1189 2225 adversis
1216 2184 1414 2225 frontibus
1442 2185 1546 2225 inter

255 2274 298 2303 se
328 2274 413 2303 esse
443 2263 655 2316 oppositas.
691 2262 756 2303 An
785 2275 852 2311 ea,
881 2274 985 2314 quae
1012 2262 1060 2302 de
1088 2262 1357 2312 affectatione,
1387 2262 1546 2303 simula—

261 2341 387 2392 tione,
427 2341 654 2382 detestabili
692 2341 875 2394 placendi
912 2341 1044 2382 studio
1075 2346 1264 2382 memorat
1292 2345 1428 2395 poeta,
1453 2346 1546 2381 sunt

307 2507 378 2547 1)’1.
404 2507 424 2538 l.
449 2518 523 2549 pag.
550 2508 622 2539 131.
