1816 2954
906 223 949 256 93

332 325 533 367 Scholtius
551 326 580 380 ¹)
626 327 729 367 male
771 339 841 380 pro
886 326 1058 378 „ullam”
1103 327 1235 380 posuit
1275 325 1434 378 „illam”
1475 326 1500 366 i.
1531 339 1563 366 e.

276 406 482 458 septimam
511 406 617 446 vitae
645 410 808 458 partem.
841 405 885 446 Si
915 407 1018 446 enim
1047 407 1277 458 „septimam
1293 406 1398 446 vitae
1415 410 1565 458 partem

276 497 355 524 non
405 483 626 535 attingere''
680 484 878 536 significet
932 485 1161 537 „septimam
1205 489 1356 537 partem
1399 484 1565 524 inertiae

276 561 408 610 dare''‚
439 562 604 601 molesta
636 561 727 601 inde
755 562 907 602 oriatur
934 563 1173 614 tautologia3
1218 563 1280 602 sin
1309 574 1403 602 vero
1432 568 1565 602 nostro

276 640 362 681 loco
391 639 655 692 significaret,
686 644 731 681 ut
758 640 863 693 apud
892 639 1121 682 Ciceronem
1145 641 1264 682 Tusc.
1282 640 1398 694 Disp.
1415 640 1436 681 I
1450 641 1476 693 ξ
1492 642 1562 681 93:

280 723 455 772 „partem
498 719 604 759 vitae
646 731 724 759 non
766 719 901 759 vivere
943 720 1006 759 vel
1044 724 1242 760 mortuum
1280 719 1403 769 esse”,
1448 724 1565 772 poeta

275 797 516 851 scripsisset:
564 798 684 849 „quin
721 802 871 850 partem
909 798 1016 839 vitae
1054 811 1131 839 non
1169 799 1305 851 attigit
1342 798 1492 849 illam'',
1519 803 1564 838 ut

275 876 546 928 gradationem
585 876 842 928 exprimeret,
882 876 987 928 quod
1020 889 1126 918 nunc
1153 877 1246 918 fecit
1274 890 1344 929 per
1375 876 1561 928 „ullam”

330 955 450 995 Nunc
477 959 609 994 autem
638 955 818 995 versibus
846 955 991 994 elimax
1020 968 1062 995 re
1090 968 1184 995 vera
1211 956 1334 996 inest:
1373 956 1564 1008 septimus

275 1033 360 1073 dies
388 1037 447 1073 est
477 1033 648 1085 ignavus
677 1033 734 1073 ita
749 1037 793 1073 ut
808 1033 919 1073 nulla
936 1032 1092 1074 omnino
1107 1034 1267 1083 negotia
1281 1034 1562 1086 suscipiantur.

277 1111 370 1151 Duo
398 1111 592 1163 imprimis
622 1092 718 1159 loci,
748 1123 847 1162 quos
875 1111 1054 1150 laudavit
1083 1111 1226 1164 Mayor
1243 1111 1296 1165 ²),
1335 1112 1563 1152 conferendi

275 1195 388 1231 sunt:
419 1189 739 1242 Agatharchides
767 1190 814 1230 fr.
848 1191 895 1230 19
929 1188 986 1244 (in
1014 1189 1090 1231 Ios.
1117 1204 1149 1231 c.
1175 1190 1251 1244 Ap.
1275 1194 1309 1231 1.
1336 1190 1404 1245 22)
1435 1200 1563 1245 „a‘pyszv

275 1269 442 1315 εἰθισμένοι
476 1265 513 1302 δι’
549 1265 690 1315 ἑβδόμης
723 1270 861 1317 ἡμέρας,
898 1274 950 1302 καὶ
971 1266 1052 1315 μηδὲ
1079 1274 1118 1303 τά
1141 1269 1223 1303 ὅπλα
1246 1268 1419 1314 βαστάζειν
1446 1277 1476 1304 εν
1503 1277 1564 1310 τοῖς

274 1344 440 1390 εἰρημένοις
474 1344 591 1391 χρόνοις
627 1345 707 1388 μήτε
740 1345 892 1391 γεωργίας
925 1343 1088 1377 ἅπτεσθαι
1114 1346 1193 1389 μήτε
1220 1342 1319 1380 ἄλλης
1343 1342 1564 1390 ἐπιμελεῖσθαι

275 1415 464 1464 λειτουργίας
499 1413 674 1462 μηδεμιᾶς,
710 1414 780 1448 ἀλλ’
810 1418 840 1449 ἐν
876 1422 934 1455 τοῖς
960 1419 1044 1465 ἱεροῖς
1071 1419 1265 1456 ἐκτετακότες
1293 1421 1348 1456 τάς
1375 1423 1486 1465 χεῖρας
1511 1417 1560 1451 εὔ-

274 1495 397 1542 χεσθαι
422 1497 517 1543 μέχρι
544 1500 599 1535 τῆς
620 1493 789 1543 ἑσπέρας.”
817 1489 871 1529 Et
900 1489 975 1529 IOS.
1007 1503 1039 1530 O.
1070 1491 1146 1543 Ap.
1177 1492 1201 1531 2
1234 1499 1289 1539 „rb
1314 1498 1369 1542 μέν
1391 1501 1455 1545 γάρ
1474 1495 1561 1541 σαβ-

274 1567 373 1614 βατον
400 1573 485 1603 κατά
511 1572 568 1605 τήν
595 1566 748 1602 Ἰουδαίαν
762 1565 924 1602 διάλεκτον
938 1572 1115 1608 ἀνάπαυσίς
1131 1572 1214 1603 ἐστιν
1228 1573 1290 1603 άπὸ
1304 1573 1419 1609 παντὸς
1433 1570 1562 1618 ἔργου.”

329 1640 512 1681 Lectioni
550 1641 727 1682 codicum
765 1642 872 1682 favet
906 1642 1067 1694 insuper
1096 1642 1207 1682 verbi
1235 1643 1387 1694 positus
1414 1643 1456 1682 in
1484 1643 1563 1683 fine

274 1732 433 1770 versus,
464 1732 543 1772 quo
571 1720 616 1760 fit
644 1725 690 1761 ut
719 1720 970 1773 praecipuam
998 1720 1141 1761 habeat
1171 1721 1270 1772 vim3
1287 1721 1392 1773 quod
1416 1722 1571 1775 optime⁴

275 1799 445 1850 quadrat
474 1799 514 1838 in
544 1811 678 1839 vocem
709 1799 894 1849 „ullam''‚
925 1800 1092 1851 pessime
1121 1800 1161 1839 in
1193 1800 1354 1850 „illam”
1378 1801 1464 1840 sine
1478 1801 1563 1840 ulla

275 1877 314 1917 vi
343 1877 594 1918 efferendum.

780 1971 846 2003 VS.
873 1970 1055 2002 187—188.

853 2073 1070 2124 Peregrina
1097 2074 1312 2125 ignotaque
1340 2075 1454 2114 nobis

300 2151 351 2193 ad
380 2153 509 2193 scelus
537 2157 657 2205 atque
685 2152 815 2203 nefas,
840 2164 1099 2204 quaecunque
1122 2157 1201 2201 est,
1219 2165 1397 2205 purpura
1411 2153 1532 2194 ducit.

329 2281 568 2321 Weidnerus
584 2280 614 2334 ³)
660 2280 795 2320 haeret
835 2280 876 2320 in
920 2280 1083 2320 vocibus
1126 2280 1313 2332 „ignota”
1357 2286 1397 2321 et
1437 2294 1563 2334 „quae

320 2418 346 2460 l)
367 2419 388 2450 l.
413 2418 435 2450 l.
459 2428 532 2461 pag.
560 2419 632 2450 101.

321 2476 349 2519 ²)
372 2477 392 2509 l.
417 2477 438 2509 l.
463 2488 494 2521 p.
519 2479 582 2510 311
608 2488 676 2521 sqq.

319 2535 347 2576 ³)
370 2537 390 2568 l.
415 2537 437 2567 l.
461 2547 536 2579 pag.
557 2538 631 2569 284.
