1816 2954
715 713 1015 755 SATURA
1078 714 1110 756 Ι.

796 1075 861 1107 Vs.
885 1075 1025 1106 45—50.

329 1205 436 1254 Quid
473 1206 658 1256 referam,
695 1210 843 1257 quanta
868 1206 1017 1246 siecum
1044 1206 1153 1246 ieeur
1181 1206 1319 1246 ardeat
1346 1206 1427 1256 ira,

327 1283 429 1326 Cum
457 1284 643 1338 populum
668 1284 858 1338 gregibus
885 1284 1071 1326 eomitum
1094 1284 1237 1338 premit
1266 1283 1333 1325 hio
1356 1283 1550 1338 spoliatur

326 1362 476 1415 Pupilli
503 1362 742 1415 prostantis?
778 1367 818 1403 et
854 1363 920 1403 hio
956 1363 1165 1404 damnatus
1202 1363 1312 1403 inani

326 1440 479 1481 Iudicio
513 1440 623 1494 (quid
649 1441 753 1481 enim
779 1442 902 1482 salvis
928 1441 1091 1482 infamia
1132 1441 1302 1482 nummis
1310 1441 1347 1494 Ρ)

327 1518 455 1559 Exsul
477 1519 528 1558 ab
551 1523 689 1559 octava
712 1518 864 1559 Marius
890 1519 1011 1569 bibit,
1042 1523 1081 1559 et
1109 1519 1256 1559 fruitur
1285 1519 1348 1559 dis

326 1596 464 1637 Iratis:
494 1600 535 1637 at
561 1600 606 1637 tu
634 1596 777 1637 victrix
804 1596 1008 1650 provincia
1038 1596 1198 1649 ploras?

325 1752 580 1804 Coniunctio,
622 1765 723 1805 quae
766 1758 825 1793 est
861 1760 892 1792 et
933 1752 1005 1806 (vs.
1046 1751 1113 1806 47)
1154 1752 1252 1792 mihi
1289 1752 1471 1806 displicet
1510 1758 1549 1794 et

271 1831 414 1871 vitiosa
450 1843 534 1871 esse
570 1830 747 1880 videtur,
787 1831 892 1881 quod
931 1834 1066 1881 poeta,
1097 1842 1186 1870 eum
1217 1831 1343 1870 fervet
1370 1831 1549 1883 indigna-

271 1910 396 1959 tione,
449 1909 662 1950 sententias
703 1921 773 1961 per
815 1908 1032 1962 asyndeton
1074 1921 1219 1960 ponere
1261 1909 1381 1959 solet,
1433 1921 1549 1961 quem

270 1987 455 2039 loquendi
492 1999 605 2028 usum
647 1986 721 2027 hoe
757 1987 842 2026 loeo
880 1986 1064 2026 omissum
1094 1998 1178 2026 esse
1205 1999 1252 2026 eo
1280 1986 1408 2039 magis
1435 1986 1549 2026 mira—

270 2079 377 2117 mur,
420 2066 525 2117 quod
566 2066 750 2105 iteratum
792 2065 893 2105 illud
934 2066 991 2104 hic
1028 2078 1098 2117 pro
1136 2065 1322 2106 iunctura
1358 2065 1549 2107 inservire

270 2148 410 2197 potest.

323 2222 508 2272 Accedit,
552 2221 656 2274 quod
696 2222 892 2261 sententia
932 2233 1033 2273 quae
1075 2221 1198 2273 priori
1240 2222 1315 2262 hae
1355 2221 1549 2274 particula

270 2301 511 2351 adnectitur,
542 2300 812 2353 gradationem
840 2312 883 2340 re
912 2312 1006 2340 vera
1028 2300 1221 2351 eontinet3
1253 2299 1404 2340 namin
1419 2299 1548 2351 priore

270 2385 377 2421 tutor
412 2380 480 2420 ille
518 2380 625 2420 solus
662 2393 686 2420 a
723 2384 839 2431 poeta
865 2379 1165 2431 perstringitur,
1196 2379 1237 2418 111
1266 2379 1391 2419 altera
1418 2382 1548 2418 tamen

271 2471 348 2499 non
389 2458 516 2499 solum
558 2457 709 2498 Marius
746 2456 814 2497 sed
850 2457 967 2497 etiam
1008 2456 1177 2507 iudices,
1222 2456 1290 2508 qui
1327 2456 1435 2496 inani
1477 2468 1549 2496 sua

1405 2524 1420 2548 2
