1816 2954
872 201 915 234 85

253 302 424 355 spicicns
460 302 510 342 ad
548 315 614 353 ea,
654 316 756 355 quae
794 309 909 356 poeta
947 306 987 344 in
1026 306 1140 346 initio
1179 306 1355 346 dixerat:
1398 307 1538 358 „pauci

251 381 454 421 dinoscere
483 386 646 433 possunt
677 395 770 423 vera
799 384 901 423 bona
928 389 1048 436 atque
1077 385 1159 425 illis
1174 385 1342 426 multum
1357 384 1539 425 diversa''

251 472 331 511 eqs.
362 459 508 499 Confer
538 473 594 500 vs.
626 462 723 500 248:
757 463 877 513 „felix
906 464 1073 502 nimirum
1100 464 1170 515 qui
1200 469 1257 504 tot
1283 476 1353 516 pcr
1381 464 1541 504 saecula

251 543 415 579 mortem
443 539 637 580 distulit.'’

305 615 589 657 Commentarii
630 619 716 659 loco
758 624 817 659 est
861 620 968 660 Flor.
1013 621 1056 660 II
1101 623 1171 661 13:
1219 634 1364 672 „causa
1405 625 1539 661 tantae

251 695 489 735 calamitatis
518 695 654 736 eadem
681 709 783 748 quae
811 698 984 738 omnium
1014 700 1122 738 nimia
1150 700 1311 751 felicitas.

673 1068 981 1110 SATURA
1038 1071 1108 1111 XI.

775 1233 841 1265 VS.
868 1235 1005 1265 19—22.

730 1364 797 1405 Sic
826 1365 989 1404 veniunt
1018 1365 1068 1404 ad
1096 1365 1341 1405 miscillanea
1369 1365 1465 1405 ludi.

327 1443 447 1481 refert
476 1455 591 1494 crgo,
622 1443 713 1494 quis
741 1443 839 1483 haec
866 1443 1000 1483 cadem
1029 1448 1160 1495 paret:
1187 1444 1229 1483 in
1254 1443 1392 1488 Rutilo
1417 1457 1507 1483 nam

327 1521 489 1561 luxuria
517 1526 595 1571 est,
626 1522 668 1561 in
698 1521 887 1562 Ventidio
915 1521 1115 1562 laudabile
1145 1534 1285 1562 nomen

325 1600 446 1640 sumit
475 1604 547 1641 etc.

299 1722 560 1763 Heinrichius
600 1722 791 1762 damnans
833 1723 1085 1774 interpretes,
1126 1722 1231 1774 quod
1256 1736 1334 1763 non
1365 1724 1533 1763 offende-

245 1806 382 1841 rentur
435 1814 552 1841 versu
596 1802 643 1841 21
689 1801 759 1852 qui
801 1801 977 1840 subiecto
1019 1806 1188 1849 careret,
1249 1813 1319 1852 pro
1360 1801 1530 1851 „sumit”

245 1880 412 1920 coniecit
452 1879 663 1932 legendum
701 1892 786 1919 esse
825 1878 1066 1931 ⁷‚sumptus.'’
1111 1878 1244 1918 Etiam
1284 1878 1459 1919 Kiaerus
1478 1878 1530 1932 1),

243 1958 277 1997 si
320 1963 407 2010 post
453 1958 622 2009 „sumit”
667 1962 857 1998 commate
900 1957 1116 2006 incidatur,
1147 1957 1369 1998 subiectum
1397 1958 1533 1999 deesse

244 2036 423 2077 affirmat.
468 2022 656 2077 Attamen
698 2037 918 2077 subiectum
960 2048 1002 2075 re
1046 2048 1138 2075 vera
1177 2035 1299 2076 adest.
1345 2036 1436 2076 Non
1473 2042 1533 2077 est

246 2115 554 2164 „miscillanea’'‚
596 2120 641 2155 ut
678 2116 764 2155 vult
794 2115 1032 2155 Weidncrus
1049 2114 1078 2168 2)
1121 2116 1194 2155 hoc
1223 2116 1387 2155 verbum
1417 2116 1531 2157 modo

243 2192 318 2234 hoc
345 2193 460 2234 modo
489 2194 560 2234 illo
588 2206 706 2234 sensu
735 2205 950 2246 usurpans,
981 2193 1049 2233 sed
1078 2192 1310 2245 simpliciter
1334 2198 1393 2233 est
1411 2193 1533 2244 „haec

243 2272 379 2313 eadem
423 2273 587 2325 parare'’
631 2273 862 2314 arcessitum
906 2285 955 2313 ex
997 2272 1334 2325 praecedentibus.
1384 2271 1532 2314 Sensus

289 2454 314 2494 ¹)
342 2454 407 2485 l.·l.
433 2465 505 2496 pag.
533 2456 583 2485 21.

287 2512 316 2553 ²)
342 2513 363 2544 l.
387 2513 407 2544 J.
433 2524 509 2556 pag.
532 2514 596 2545 241
622 2524 690 2556 sqq.
