1816 2954
891 187 934 219 59

264 292 441 341 videtur,
486 295 526 330 et
567 290 790 330 emendatio
832 290 963 331 nescio
1010 291 1123 331 cuius
1159 290 1329 342 legentis
1369 289 1550 341 „tremit”

265 369 392 421 magis
428 368 601 408 declinat
638 381 663 407 a
692 368 869 408 codicum
899 369 1075 409 lectione.
1121 368 1250 408 Valde
1279 368 1373 407 mihi
1404 368 1553 407 arridet

267 448 432 499 „calet’'‚
463 447 568 486 unde
595 452 635 486 et
667 447 832 498 „pavet”
863 453 902 487 et
918 448 1056 498 „silet”
1073 449 1190 488 facile
1205 448 1300 487 oriri
1315 452 1550 499 potuerunt,

264 525 447 578 quodque
483 537 640 565 sensum
677 524 796 565 habet
836 524 929 566 huie
966 525 1052 566 loco
1080 525 1338 579 aptissimum.
1384 523 1552 576 „Galere

265 604 409 643 amoris
437 603 657 642 desiderio”
687 603 765 642 diei
795 616 908 654 posse
936 605 1033 643 satis
1049 609 1184 644 notum
1204 609 1284 644 est:
1303 604 1401 643 Hor.
1418 603 1549 643 Carm.

265 681 354 722 IIII
385 682 445 722 10.
477 683 548 721 33:
568 694 670 732 „non
685 681 812 733 magis
825 681 961 723 calebo
976 681 1024 722 de
1039 681 1221 732 femina’';
1254 681 1371 722 Ovid.
1389 681 1547 722 Metam.

265 759 348 799 VII
379 762 476 799 731:
509 760 727 810 „desiderio
752 760 891 799 calet.''
923 759 1070 800 Sensus
1098 761 1221 800 nostri
1251 762 1326 800 loci
1341 762 1422 800 fere
1446 761 1548 800 idem

265 843 324 878 est
351 842 470 890 atque
500 851 636 878 versus
666 840 765 878 327:
799 839 986 891 „prurigo
1014 852 1144 880 morae
1172 838 1419 892 impatiens.‘’

769 989 835 1022 VS.
860 990 1041 1022 309-313.

387 1122 580 1163 Noctibus
608 1123 674 1163 hic
701 1127 851 1176 ponunt
879 1122 1061 1173 lecticas,
1092 1122 1323 1163 micturiunt
1352 1122 1417 1163 hic

381 1202 626 1253 effigiemque
654 1201 750 1241 deae
778 1202 909 1253 longis
936 1202 1166 1253 siphonibus
1194 1202 1377 1253 implent,

381 1280 501 1331 inque
530 1280 635 1319 vices
664 1280 843 1331 equitant
871 1284 910 1319 et
940 1280 1034 1319 luna
1061 1284 1160 1319 teste
1188 1284 1405 1319 moventur.

380 1358 471 1398 inde
498 1358 633 1398 domos
661 1358 826 1398 abeunt:
857 1362 901 1397 tu
929 1357 1058 1398 calcas
1085 1357 1173 1397 luce
1201 1369 1359 1397 reversa

382 1436 562 1488 coniugis
590 1436 745 1476 urinam
773 1448 936 1487 magnos
964 1436 1122 1475 visurus
1149 1435 1305 1475 amicos.

318 1565 432 1604 Duos
483 1564 717 1616 posteriores
769 1576 906 1603 versus
949 1563 1138 1603 Iuvenale
1180 1564 1364 1614 indignos
1406 1564 1543 1603 habeo.

265 1643 412 1684 Nullus
449 1643 588 1684 dubito
625 1643 722 1695 quin
759 1643 809 1683 ab
848 1642 1001 1695 impuro
1031 1642 1219 1682 monacho
1248 1642 1414 1694 profecti
1443 1642 1543 1693 sint,

262 1734 351 1762 cum
375 1726 414 1762 et
442 1722 547 1762 omni
577 1722 723 1762 virtute
751 1722 898 1761 comica
926 1725 965 1760 et
993 1721 1153 1761 satirica
1180 1727 1361 1771 careant,
1391 1726 1431 1761 et
1462 1735 1545 1762 ver-

263 1801 402 1841 borum
432 1805 585 1840 tantum
614 1800 747 1840 sordes
776 1799 1011 1839 contineant.
1042 1798 1183 1838 Nonne
1207 1799 1415 1839 admodum
1429 1812 1546 1851 quae-

262 1878 339 1918 sita
377 1878 498 1918 sunt?
541 1878 683 1918 Nonne
721 1878 826 1918 omni
865 1881 999 1917 carent
1036 1876 1342 1928 probabilitate?
1384 1876 1486 1918 Cum
1524 1891 1546 1918 e

262 1957 394 1996 verbis
434 1957 640 2008 ⁷,noctibus
678 1956 744 1996 hic
781 1959 930 2008 ponunt
966 1954 1151 1995 lecticas'’
1193 1954 1265 2007 (vs.
1301 1955 1395 2008 309)
1435 1956 1545 1997 lucu-

263 2035 389 2075 lenter
427 2039 559 2087 pateat
597 2034 763 2074 feminas
799 2034 956 2074 domum
985 2033 1131 2083 redire,
1162 2045 1240 2073 non
1268 2038 1327 2073 est
1355 2034 1459 2085 quod
1488 2035 1545 2074 in-

263 2114 514 2166 terpolatoris
550 2113 789 2154 admiremur
826 2112 1051 2153 inveniendi
1088 2112 1318 2153 facultatem
1354 2112 1542 2154 dicentis:

265 2192 381 2244 „inde
404 2192 539 2233 domos
562 2192 748 2233 abeunt.''
790 2191 905 2232 Dom.
937 2190 1173 2232 Oalderinus
1191 2190 1219 2245 1)
1251 2191 1323 2231 hos
1336 2204 1475 2232 versus
1488 2192 1546 2233 sic

261 2272 546 2324 interpretatus
573 2276 653 2312 est:
686 2284 799 2322 „cum
828 2271 889 2311 vis
916 2283 1079 2322 surgere
1093 2270 1143 2310 ad
1158 2270 1388 2310 salutandos
1401 2270 1546 2312 divites

261 2349 427 2400 amicos,
466 2354 512 2390 tu
549 2349 660 2402 prius
699 2349 759 2389 vis
785 2349 889 2389 coire
918 2361 1007 2389 cum
1036 2360 1178 2399 uxore3
1215 2347 1283 2388 sed
1312 2348 1413 2388 nihil
1441 2361 1545 2401 sper-

309 2505 335 2550 l)
360 2506 429 2539 Sat.
453 2506 525 2539 Iuv.
549 2506 629 2539 Boc.
654 2506 802 2539 Manain.
827 2516 900 2549 pag.
926 2506 977 2538 88.
