1816 2954
886 198 926 229 16

258 300 299 340 Χ
328 314 385 341 vs.
413 303 483 351 46)
498 333 507 351 ,
537 300 739 352 equidem,
768 301 871 342 sicut
898 301 977 341 iam
1003 300 1095 351 alii,
1121 305 1217 353 puto
1240 301 1350 343 nullo
1364 302 1479 343 modo
1496 314 1544 343 ea

257 379 305 419 de
334 392 376 420 re
403 379 482 420 diei
511 392 624 432 posse
655 379 838 430 „sedere”
874 384 913 420 et
940 379 1152 431 legendum
1179 392 1265 421 esse
1290 380 1383 431 „sed
1406 380 1469 420 ct''
1496 384 1542 420 ut

257 458 354 498 haec
380 458 432 498 sit
460 458 674 498 sententia:
706 470 811 498 nunc
837 458 1016 511 sportula
1043 463 1104 499 est
1127 458 1252 511 primo
1267 458 1402 499 limine
1417 470 1541 510 parva

255 536 324 576 sed
368 535 657 589 (nihilominus)
701 536 891 589 rapienda
933 535 1052 590 (quac
1095 536 1287 591 rapietur)
1331 550 1356 578 a
1395 549 1541 589 magna

255 615 374 654 etiam
403 615 604 655 hominum
632 619 856 666 togatorum
884 615 1149 655 multitudine.
1193 614 1416 667 Indignitas
1444 614 1537 655 inde

253 691 398 741 oritur,
442 692 548 744 quod
584 693 763 745 sportula
798 693 945 744 exigua
981 698 1040 733 est
1079 697 1117 733 ct
1154 697 1288 733 tantus
1326 693 1528 733 hominum

255 782 442 810 numerus
470 783 556 810 eam
585 776 788 822 appetunt.

745 962 811 994 Vs.
838 962 901 993 115
926 964 961 993 et
985 963 1056 993 116.

370 1093 429 1134 Ut
458 1094 602 1134 colitur
630 1093 715 1133 Pax
743 1099 863 1145 atque
891 1093 1030 1143 Fides,
1062 1092 1259 1144 Victoria,
1293 1093 1432 1134 Virtus

370 1171 563 1222 Quaeque
589 1172 762 1211 salutato
789 1172 954 1223 crepitat
983 1170 1204 1211 Concordia
1230 1171 1335 1211 nido.

305 1328 449 1369 Nescio
476 1341 528 1368 an
556 1328 597 1368 hi
623 1341 760 1369 versus
782 1328 949 1369 eiciendi
973 1329 1063 1369 sint.
1108 1329 1198 1369 Non
1223 1329 1384 1370 videtur
1408 1330 1533 1369 menti

250 1419 468 1460 congruere
506 1411 643 1460 poetae
682 1406 731 1447 ad
771 1420 834 1448 res
871 1407 1148 1448 describendas
1177 1407 1401 1458 festinanti,
1432 1420 1535 1460 quae

249 1486 562 1538 indignationem
604 1491 806 1534 moveant,
850 1498 897 1525 ea
934 1486 1076 1526 addere
1117 1498 1219 1537 quae
1263 1487 1535 1538 unusquisque

248 1565 397 1605 Romae
427 1569 540 1605 norat
563 1569 683 1616 atque
712 1564 883 1605 videbat.

301 1643 436 1683 Verba
462 1655 565 1695 quae
591 1648 684 1683 sunt
715 1648 784 1693 „ut
811 1643 978 1683 colitur'’
1004 1644 1164 1695 sapiunt
1187 1644 1530 1696 interpolatorem,

245 1722 316 1775 qui
351 1726 577 1775 exoptatam
613 1721 783 1774 arripuit
818 1722 1062 1762 occasionem
1089 1722 1294 1762 scientiam
1321 1734 1433 1762 suam
1462 1734 1529 1762 ex—

244 1800 405 1841 hibendi
433 1813 553 1852 quam
580 1813 629 1840 ex
658 1799 742 1840 Cic.
774 1800 866 1840 Nat.
900 1800 1020 1840 Deor.
1050 1800 1094 1839 II
1124 1803 1171 1840 61
1206 1800 1397 1840 hauserit.

298 1878 464 1919 Accedit
487 1878 593 1931 quod
617 1879 841 1919 coniunctio
869 1891 972 1930 quae
1000 1883 1060 1940 est
1090 1878 1258 1931 „atque”
1288 1879 1376 1919 iure
1402 1883 1533 1919 movet

245 1957 507 2010 suspiciones,
547 1958 643 2009 quia
679 1957 908 2009 ceteroquin
946 1962 1061 2009 poeta
1089 1957 1269 2009 singulas
1298 1969 1413 1997 voces
1440 1969 1532 1996 enu-

246 2049 400 2076 merans
427 2037 530 2076 inter
558 2049 691 2076 omnes
719 2036 1033 2076 coniunctionem
1062 2036 1173 2088 ponit
1204 2041 1273 2076 ant
1302 2048 1436 2076 omnes
1464 2048 1533 2088 per

243 2114 461 2167 asyndeton
504 2114 615 2153 effert
647 2113 797 2167 (confer
820 2113 1016 2153 Kiaerum
1032 2113 1102 2167 ¹))‚
1133 2119 1173 2153 et
1201 2125 1440 2165 quamquam
1467 2126 1531 2153 ex—

243 2197 323 2233 stat
360 2193 469 2233 locus
512 2205 591 2244 quo
632 2192 711 2233 duo
749 2192 924 2232 membra
962 2192 1094 2245 priora
1121 2205 1191 2245 per
1218 2191 1530 2233 coniunctionem

243 2271 465 2323 iunguntur
496 2270 594 2325 (Sat.
626 2271 665 2309 X
695 2270 785 2324 35),
817 2276 947 2310 tamen
976 2271 1033 2311 ibi
1062 2271 1160 2310 haec
1183 2271 1357 2311 membra
1381 2271 1530 2311 arctius

242 2363 361 2403 quam
398 2350 553 2402 reliqua
589 2351 692 2390 inter
728 2363 770 2391 se
807 2350 1017 2391 cohaerent
1055 2350 1161 2403 quod
1189 2350 1292 2391 idem
1319 2350 1369 2391 de
1397 2355 1529 2391 nostro

286 2505 311 2545 ¹)
338 2503 497 2543 Kiaer,
523 2504 563 2535 de
591 2504 746 2535 Sermone
771 2504 814 2535 D.
840 2504 915 2535 Iun.
940 2504 1125 2543 Iuvenalis,
1152 2515 1224 2547 pag.
1248 2504 1290 2536 ‘72
1315 2515 1383 2546 sqq.
