1816 2954
903 255 947 286 96

284 359 485 403 canentia:
526 358 594 398 sed
632 358 800 398 frustra:
835 370 914 398 non
943 361 1072 410 potest
1101 361 1217 410 poeta
1245 357 1342 410 quin
1371 361 1411 398 te
1439 348 1578 398 doceat

286 436 431 475 vixisse
473 436 594 475 fortes
636 440 724 487 post
766 434 1066 486 Agamemnona
1102 447 1255 487 semper
1281 436 1506 487 pauciores,
1540 441 1579 474 et

283 514 440 553 audies:
473 527 589 564 „nam
617 526 745 565 genus
773 513 848 553 hoc
877 514 969 553 vivo
997 513 1076 553 iam
1096 513 1348 553 decrescebat
1363 512 1575 554 Homero.'’

283 590 327 632 Si
364 596 480 646 putas
517 604 607 633 eum
636 592 715 633 iam
743 592 823 632 iam
852 595 1158 645 properaturum
1186 591 1236 631 ad
1265 596 1416 642 cetera,
1457 604 1577 644 quam

282 671 443 721 egregie
471 672 643 710 falleris:
677 676 809 721 „terra
837 672 962 710 malos
986 671 1164 710 homines
1179 683 1285 711 nune
1300 671 1442 711 educat
1458 676 1577 723 atque

281 747 487 801 pusillos.''
518 746 563 789 Si
590 748 712 789 bilem
741 747 916 788 nondum
943 748 1019 788 tibi
1047 748 1190 798 movit,
1224 748 1305 788 iam
1325 753 1412 788 tace
1427 752 1466 788 et
1482 748 1577 788 audi

281 827 426 867 iterum
455 832 584 866 vatem
612 827 840 879 egregium:
875 840 996 878 „ergo
1023 827 1122 867 deus
1148 828 1379 878 quicunque
1394 827 1577 879 adspexit

280 905 384 945 ridet
410 910 450 945 et
478 905 599 945 odit.''
632 905 793 946 Miraris
816 905 921 946 unde
940 905 1038 946 deus
1053 910 1134 946 tam
1148 906 1281 946 subito
1295 905 1574 956 intervenerit,

280 988 474 1023 memento
517 987 556 1022 et
594 982 825 1036 Cyllenium
867 996 917 1023 ex
958 984 1106 1023 somnis
1149 985 1343 1024 excitasse
1388 983 1574 1034 Aenean,

281 1066 321 1101 et
352 1062 543 1113 intellege
571 1062 808 1102 monachum
844 1076 988 1115 corpus
1026 1076 1048 1103 e
1085 1075 1221 1103 somno
1248 1062 1486 1115 corripuisse
1514 1062 1578 1102 his

282 1139 434 1180 verbis:
469 1153 518 1191 „a
544 1139 790 1181 deverticulo
819 1145 1022 1194 repetatur
1042 1140 1218 1181 fabula.’'
1250 1140 1401 1181 Versus
1416 1142 1575 1181 69-72

280 1218 451 1258 conflata
496 1224 590 1258 sunt
631 1221 683 1259 ab
721 1220 1004 1271 interpolatore
1046 1220 1228 1260 versibus
1266 1221 1424 1260 65—-68
1462 1220 1577 1260 lectis

280 1298 467 1350 cupidine
494 1298 658 1351 abrepto
685 1310 797 1339 suam
826 1298 1088 1339 eruditionem
1117 1298 1352 1339 ostentandi.

688 1665 997 1706 SATURA
1057 1666 1167 1706 XVI.

811 1827 878 1860 VS.
904 1828 1044 1860 17—22.

929 1951 1153 1991 Iustissima
1181 1952 1457 1992 centurionum

396 2031 572 2082 cognitio
600 2035 660 2070 est
690 2030 815 2082 igitur
844 2030 894 2070 de
923 2030 1068 2079 milite,
1100 2043 1172 2071 nec
1200 2030 1298 2071 mihi
1326 2030 1428 2071 derit

399 2110 520 2160 ultio,
551 2110 585 2150 si
614 2110 744 2149 iustae
771 2109 949 2150 defertur
977 2122 1098 2150 causa
1125 2110 1346 2162 querellae:

398 2193 481 2227 tota
509 2188 650 2228 cohors
679 2194 811 2228 tamen
840 2193 900 2228 est
929 2189 1112 2238 inimica,
1142 2201 1354 2240 omnesque
1382 2189 1547 2241 manipli

398 2280 592 2307 consensu
620 2279 765 2318 magno
793 2267 988 2318 efficiunt,
1019 2266 1210 2307 curabilis
1238 2271 1282 2307 ut
1310 2267 1362 2307 sit

398 2345 575 2385 vindicta
602 2350 641 2385 et
669 2346 832 2396 gravior
860 2358 979 2397 quam
1003 2346 1161 2386 iniuria.

336 2482 384 2522 In
432 2482 495 2522 his
537 2482 719 2523 versibus
762 2482 994 2523 enarrandis
1035 2483 1271 2535 interpretes
1313 2483 1354 2522 in
1395 2482 1574 2523 diversas

281 2563 428 2602 abiisse
466 2567 599 2614 partes
628 2575 706 2602 non
736 2567 795 2602 est
823 2561 929 2614 quod
957 2561 1165 2613 miremur,
1195 2562 1380 2614 quoniam
1410 2575 1452 2602 re
1481 2575 1575 2603 vera
