1816 2954
842 197 884 230 89

227 301 403 355 paternis
439 304 530 341 tura
567 299 669 340 dabo
707 303 828 353 atque
864 314 981 340 omnes
1019 300 1149 341 violae
1185 300 1319 339 iactabo
1351 300 1514 340 colores.

231 381 364 421 Cuncta
400 379 548 429 nitent,
588 380 705 431 lonyos
741 379 866 419 erexit
905 380 1026 420 ianua
1054 392 1202 430 ramos,
1242 385 1282 419 et
1309 380 1516 419 matutinis

227 465 391 500 oneratur
418 458 520 499 festa
546 458 731 499 lucernis.

282 536 384 577 Cum
411 537 461 576 de
487 536 611 576 saeris
641 537 831 577 faciendis
859 550 987 578 sermo
1014 539 1086 588 sit,
1117 551 1195 578 non
1217 543 1277 578 est
1292 537 1515 577 mirandum

230 613 464 667 „oneratur”
495 614 537 654 in
568 615 803 668 „operatur”
833 627 918 656 esse
945 615 1214 669 depravatum.

628 1000 931 1042 SATURA
982 1002 1115 1042 XIII.

755 1139 822 1173 VS.
847 1141 986 1172 28—30.

372 1255 491 1297 Nune
518 1259 627 1296 aetas
653 1255 788 1308 agitur
815 1255 1027 1309 peioraque
1055 1256 1214 1297 saecula
1243 1256 1339 1297 ferri

371 1335 634 1387 temporibus,
664 1346 832 1386 quorum
859 1335 999 1375 sceleri
1030 1348 1108 1375 non
1136 1336 1290 1375 invenit
1316 1336 1403 1388 ipsa

372 1427 514 1455 nomen
541 1419 581 1454 et
607 1427 632 1454 a
658 1413 769 1454 nullo
796 1413 929 1466 posuit
959 1418 1102 1455 natura
1131 1415 1301 1455 metallo.

283 1540 484 1582 Seholtius
502 1539 531 1595 1)
563 1540 786 1594 suspicatur
817 1540 953 1592 „nulla
980 1540 1113 1581 aetas’'
1145 1545 1184 1581 et
1211 1553 1282 1594 pro
1299 1541 1514 1593 „invenit''‚

227 1620 334 1672 quod
371 1624 516 1660 temere
553 1620 650 1660 dieit
686 1624 845 1672 propter
881 1632 1049 1671 sequens
1088 1620 1269 1672 „posuit”
1298 1621 1516 1672 perfeetum

227 1712 313 1741 esse
349 1699 517 1752 ideoque
544 1698 750 1750 vitiosum,
779 1697 986 1751 „indidit”
1027 1698 1216 1739 Attamen
1248 1698 1402 1751 „nuno”
1432 1711 1517 1741 esse

228 1777 477 1817 retinendum
528 1781 568 1816 et
618 1777 669 1817 ad
722 1777 879 1828 „aetas”
933 1789 983 1816 ex
1024 1778 1205 1828 sequenti
1252 1779 1513 1830 „peioraque”

230 1855 400 1909 „peior's
419 1855 695 1897 arcessendum
723 1855 801 1896 iam
830 1842 1231 1897 docuit‘Weidnerus
1248 1854 1294 1910 ²).
1324 1855 1518 1897 Praesens

228 1939 384 1988 tempus
420 1939 459 1974 et
495 1935 713 1988 perfeetum
750 1934 886 1974 eadem
922 1935 1004 1973 fere
1041 1935 1259 1986 praesentis
1296 1940 1424 1975 status
1452 1936 1517 1975 vel

228 2014 466 2055 conditionis
493 2014 782 2066 significatione
812 2013 905 2066 poni
934 2025 1048 2066 posse
1076 2018 1190 2054 extra
1204 2013 1371 2055 dubium
1386 2015 1518 2067 posuit

229 2092 406 2132 Kiaerus
423 2091 468 2146 ³).
509 2091 714 2132 Sententia
750 2092 827 2131 looi
866 2096 925 2130 est
953 2091 1070 2131 haee:
1110 2096 1254 2131 natura
1282 2105 1360 2131 non
1389 2097 1518 2144 potest

229 2172 407 2212 invenire
444 2185 585 2212 nomen
613 2171 779 2223 ideoque
808 2171 886 2211 huc
914 2182 1040 2222 usque
1067 2182 1146 2210 non
1173 2170 1306 2222 posuit
1332 2185 1382 2206 =
1408 2175 1519 2211 aetas

226 2248 308 2298 ‚hue
334 2261 461 2301 usque
488 2261 566 2289 non
595 2249 713 2289 habet
741 2260 881 2288 nomen
909 2260 933 2287 a
960 2248 1131 2287 metallis
1160 2249 1339 2299 petitum.

277 2393 304 2433 ¹)
328 2393 350 2424 1.
373 2393 394 2425 l.
418 2403 494 2436 pag.
519 2394 571 2425 88.

275 2450 303 2493 ²)
326 2452 347 2483 l.
371 2452 392 2483 l.
419 2462 495 2495 pag.
520 2452 583 2483 261
608 2462 676 2493 sqq.

275 2510 303 2552 ⁸)
327 2511 348 2542 l.
372 2511 390 2542 l.
417 2521 492 2554 pag.
520 2511 593 2542 202.

1378 2571 1409 2595 12
