1816 2954
821 242 888 289 *32

270 342 494 383 Postremos
524 356 662 384 versus
693 343 913 397 (143—45)
946 344 1211 385 emendandos
1239 344 1317 385 sibi
1342 346 1512 398 sumpsit

216 421 418 462 Scholtius
434 422 462 475 l)
498 426 677 462 statuens
706 422 747 462 in
777 422 918 463 mendo
946 423 1076 463 iacere
1103 422 1342 463 vocabulum
1373 435 1511 475 „roga-

214 499 324 538 tum”
376 500 482 550 quod
534 500 666 539 infans
717 500 848 551 loqui,
902 512 1043 550 rogare
1094 513 1173 540 non
1227 501 1371 552 possit3
1427 505 1512 541 tum

216 577 470 629 „assemque”
511 581 649 630 utpote
682 577 829 618 donum
862 577 1108 629 miserabile3
1139 577 1282 619 deinde
1304 578 1511 630 „minimas

214 656 358 697 nuces''
412 661 455 696 ut
497 668 637 708 parum
679 661 944 708 congruentes
985 669 1075 696 cum
1120 657 1266 708 „viridi
1300 657 1505 709 thorace'';

212 735 371 775 tandem
420 740 650 787 corruptum
693 748 778 775 esse
823 734 1046 787 „mensam”
1090 740 1129 775 et
1172 748 1242 788 pro
1285 736 1335 776 iis
1378 737 1510 789 legere

211 825 449 866 proponens:

811 912 990 951 Viridem
1018 912 1182 952 thoraca
1211 913 1365 953 iubebit

317 989 450 1029 afferri
479 989 742 1041 minimosque
770 990 939 1041 equulos
967 1002 1162 1042 axemque
1190 994 1363 1030 rotatum

316 1080 363 1106 ac
391 1067 592 1116 thensam,
622 1068 807 1118 quotiens
837 1067 1035 1119 parasitus
1063 1068 1216 1107 venerit
1245 1068 1387 1107 infans.

262 1195 341 1234 Pro
390 1195 465 1245 „ad
518 1195 730 1244 mensam''‚
775 1208 877 1246 quae
921 1196 1100 1246 vulgaris
1141 1201 1201 1235 est
1230 1196 1368 1246 lectio,
1406 1196 1504 1247 legit

211 1272 322 1324 „ac'’‚
364 1285 483 1323 quam
523 1272 731 1312 lectionem
770 1272 938 1312 Iahnius
966 1284 1015 1312 ex
1044 1271 1141 1312 God.
1173 1272 1280 1313 Pith.
1310 1274 1504 1325 praetule-

206 1352 278 1399 rit,
320 1363 398 1390 non
437 1355 626 1402 reputans
664 1350 832 1389 eundem
870 1351 1044 1390 codicem
1083 1363 1286 1402 perperam
1316 1351 1503 1391 exhibere

206 1429 302 1481 „ac”
334 1442 405 1482 pro
439 1428 539 1480 „ad”
570 1429 611 1469 in
640 1427 722 1469 Sat.
754 1427 865 1469 XIII
895 1441 951 1469 vs.
985 1430 1073 1469 107.

259 1507 335 1547 His
363 1507 601 1548 coniecturis
630 1507 847 1558 ingeniosis
876 1506 917 1546 id
946 1507 1010 1546 vel
1040 1507 1210 1546 maxime
1238 1507 1370 1547 obstat
1395 1508 1501 1559 quod

203 1587 314 1626 nullo
344 1586 458 1626 modo
486 1587 647 1638 probari
676 1590 824 1637 potest,
859 1586 930 1636 qui
958 1585 1046 1625 fieri
1075 1586 1248 1638 potuerit
1277 1591 1321 1625 ut
1349 1598 1399 1626 ex
1428 1587 1500 1626 illa

202 1665 370 1706 lectione
395 1664 511 1715 haec,
539 1643 663 1716 ¹quam
692 1663 899 1713 habemus,
932 1667 1019 1704 orta
1047 1664 1110 1704 sit.

256 1743 373 1792 Quod
402 1756 518 1795 porro
547 1743 644 1783 dicit
675 1743 865 1782 infantem
895 1756 974 1783 non
1003 1756 1117 1795 posse
1146 1755 1288 1794 rogare
1311 1743 1407 1794 quia
1422 1755 1499 1782 non

201 1824 388 1875 loquatur
426 1822 466 1862 id
500 1835 546 1862 eo
575 1823 773 1862 refutatur
802 1822 908 1874 quod
938 1834 1079 1874 rogare
1107 1821 1261 1873 aliquid
1291 1833 1499 1874 possumus

197 1906 237 1941 et
266 1914 344 1941 non
372 1901 582 1953 loquendo.
612 1901 718 1940 Tum
747 1901 939 1940 infantem
963 1901 1041 1940 iam
1067 1900 1356 1952 ingredientem
1380 1912 1498 1939 voces

198 1981 356 2033 aliquas
394 1980 573 2021 emittere
612 1992 726 2033 posse
768 1980 983 2020 verisimile
1026 1984 1096 2019 est.
1142 1977 1204 2019 Cf.
1245 1977 1336 2019 Seu.
1378 1977 1495 2018 Herc.

198 2060 294 2100 Fur.
320 2060 410 2100 Act.
442 2059 509 2099 III
540 2073 596 2099 vs.
628 2060 717 2099 854.

252 2139 479 2180 Mirandum
508 2143 568 2179 est
596 2152 686 2179 eum
715 2142 972 2191 aspernatum
998 2151 1083 2179 esse
1111 2138 1320 2190 „minimas
1334 2136 1493 2186 nuces'’‚

195 2232 286 2258 nam
328 2225 422 2258 sunt
462 2218 629 2258 deliciae
671 2230 882 2270 puerorum
930 2222 1031 2257 teste
1075 2216 1335 2268 Marquardto
1348 2216 1379 2269 ²)
1424 2217 1495 2268 qui

194 2297 352 2350 copiose
389 2309 437 2337 ea
472 2297 522 2337 de
560 2309 602 2336 re
638 2296 875 2349 disputavit,
917 2301 956 2335 et
997 2296 1192 2347 „nucibus
1220 2294 1382 2335 ludere’'
1413 2299 1493 2334 tam

242 2488 268 2529 ¹)
289 2488 309 2520 l.
336 2488 356 2520 l.
382 2497 456 2531 pag.
483 2487 525 2519 45
551 2497 619 2530 sqq.

241 2547 267 2588 ²)
291 2546 770 2588 Becker—Marquardt.
807 2546 880 2578 Vol.
908 2546 938 2577 V
964 2557 1040 2588 pars
1065 2547 1101 2585 2,
1127 2556 1200 2588 pag.
1226 2546 1412 2579 418—420.
